1992 3692
169 240 203 301 ,ε
427 233 464 286 τ.
497 233 654 285 Lrvrr

170 323 259 374 Tullio
276 321 717 390 uomeuluir,caputars1lleferunr
737 312 888 371 multomm'
904 321 935 371 in'
980 340 983 353 ·

170 398 310 466 conspeetu.
345 399 455 448 Plurimo
471 399 547 461 igitur
563 399 669 446 clamore
680 395 737 444 inde
751 395 784 443 ad
801 406 880 450 rantae
893 396 932 444 rei

170 473 317 528 miraculum
334 485 390 523 orto
408 473 504 523 excitos
512 487 588 536 reges.
614 472 639 520 ἃ
650 487 728 536 quum
739 469 844 535 quidam
853 471 934 520 fami·

142 591 147 610 ,
172 550 271 600 liarlum
282 553 372 613 aquam
388 550 420 598 ad
434 548 631 612 restinguendum
644 548 726 610 ferret,
740 547 773 595 ab
783 548 874 610 regina
891 563 934 595 re-

171 635 282 692 reutum:
301 625 433 690 sedatoque
444 641 499 675 eam
511 627 626 689 tumultu,
640 625 738 674 moveri
749 624 856 672 vetuisse
868 639 936 692 pue-

171 719 241 764 rum3
259 702 339 752 donec
354 703 397 752 luel
411 701 497 770 sponte
514 701 669 771 experrellur
685 700 750 749 ellcr.
786 703 856 750 Mox
871 715 935 750 cum

172 780 294 832 lemno&
304 781 429 828 flammam
438 779 530 828 abiille.
566 776 748 828 Tumabdullo
759 777 786 825 in
804 777 934 826 secretum

171 856 230 905 viro
247 855 380 920 Tanaquil,
400 855 476 904 Viden'
491 864 615 922 rapueram
623 854 682 917 hunc,
699 852 788 920 iuquit,
805 870 871 921 quem
882 863 935 902 ram

173 931 248 980 humili
259 931 456 980 crdtuedueamur?
484 921 543 980 S‘cr're
555 931 611 994 licet,
623 930 675 978 bunc
685 929 758 988 keneu
770 931 878 995 quondam
894 945 934 978 re-

173 1009 212 1057 bus
225 1007 298 1070 nostris
309 1006 377 1056 dubiis
383 1007 493 1071 futurum,
511 1007 669 1073 praefidiumque
680 1006 745 1072 regie
754 1005 846 1066 afflillae.
873 1017 933 1072 pro·

173 1085 223 1134 inde
234 1083 345 1132 materiem
357 1083 447 1150 ingeniis
460 1081 544 1150 publice
554 1084 705 1149 privatimque
722 1081 879 1131 deeoris'omni
896 1083 934 1131 in·

174 1160 282 1228 dulgenrld
298 1159 368 1223 nostra
383 1160 511 1210 meriamur.
546 1159 607 1208 Inde
621 1175 725 1226 puerum
743 1158 851 1208 liberum
870 1159 936 1208 loco

175 1246 284 1303 ereptum
301 1235 393 1298 haberi,
410 1235 550 1300 erudirique
563 1237 663 1300 artibus,
684 1235 772 1300 quibus
784 1234 889 1298 ingenia
900 1233 935 1283 ad

175 1313 638 1376 magnelorrunaeculrumexciranurr.
672 1312 763 1361 Evenit
771 1310 850 1375 facile,
858 1309 935 1376 quod

177 1390 232 1440 Diis
242 1387 310 1437 cordi
322 1387 387 1436 esset.
410 1389 514 1453 Juvenis
522 1389 599 1438 evafit
609 1392 667 1438 vere
675 1388 762 1438 indolis
771 1390 852 1453 regiae.
874 1403 935 1452 nec,

177 1479 255 1531 quum
274 1473 421 1529 quaereretur
435 1480 511 1528 gener
525 1465 674 1530 Tarquinio,
691 1464 819 1530 quisquam
835 1467 937 1513 Roma-

177 1552 215 1590 nae
228 1540 365 1603 juventutis
376 1539 424 1588 ulli
434 1551 485 1589 arte
497 1539 602 1589 conferri
614 1541 708 1608 potuit:
727 1540 851 1605 filiamque
859 1539 885 1588 ei
896 1539 937 1587 su-

177 1632 218 1666 am
232 1619 286 1664 Rex
298 1614 435 1681 despondit.
470 1617 526 1679 llic,
543 1631 690 1682 quacunque
705 1617 736 1666 de
750 1617 829 1680 causa,
847 1625 937 1666 tantus

179 1691 214 1742 illl
226 1692 306 1740 honos
324 1692 420 1740 habitus
438 1691 537 1740 eredere
553 1694 676 1759 prohibet
684 1693 753 1742 lervl
764 1704 850 1742 uatum
861 1707 936 1755 eum,

107 1791 111 1794 ·
179 1781 335 1835 parvumque
355 1767 434 1835 ipsum
453 1767 559 1818 serville.
594 1771 688 1818 Eorum
710 1770 788 1833 magis
804 1769 938 1818 sentenriae

180 1843 244 1907 sum,
257 1846 308 1910 qui,
323 1844 456 1894 Corniculo
469 1856 550 1913 capto,
566 1847 644 1896 servii
661 1846 748 1910 Tullii,
761 1847 803 1912 qui
818 1848 938 1914 princeps

180 1923 207 1970 in
219 1921 259 1970 illa
267 1921 329 1970 urbe
340 1921 427 1984 fuerat,
439 1923 566 1985 gravidam
578 1924 635 1972 viro
643 1923 724 1974 ocello
732 1916 939 1988 ultorem,quum¹

180 1999 245 2046 iuter
263 1997 367 2062 reliquas
378 2001 487 2064 captivas
498 2001 598 2065 cognita
612 1999 677 2065 erret,
689 2001 722 2050 ob
732 2002 831 2050 unicam
841 1999 937 2048 nobili-

180 2081 258 2119 tatem
275 2071 307 2120 ab
326 2074 410 2136 regina
431 2076 544 2124 Romana
561 2076 711 2142 prohibitam
728 2077 809 2125 lerunt
828 2075 937 2124 servitio

182 2157 281 2213 partum
293 2151 380 2197 Romae
397 2144 502 2215 edidisse,
525 2153 599 2201 Prisci
611 2155 743 2219 Tarquinii
758 2145 842 2202 domu.
870 2150 938 2202 Inde

181 2227 253 2270 tenti>
274 2221 396 2272 beneficio
419 2225 654 2276 &intermulieres
674 2227 865 2277 familiaritatem
888 2241 937 2274 au-

183 2296 255 2360 stam,
278 2297 303 2347 &
321 2313 431 2364 puerum,
449 2311 478 2350 ut
496 2301 523 2350 in
542 2301 618 2351 domo
635 2307 649 2352 ὲ
665 2319 745 2369 parvo
762 2301 887 2365 eduam,
908 2303 939 2352 iu

184 2375 285 2423 caritate
302 2385 376 2438 atque
393 2378 486 2426 honore
503 2375 586 2427 fuill'e:
605 2379 732 2429 fortunam
750 2381 844 2442 matris,
865 2379 939 2444 quud
980 2404 983 2413 .

185 2449 257 2515 capti
274 2450 352 2516 patrii
367 2453 392 2500 in
404 2451 510 2501 hostium
522 2467 609 2503 manus
619 2455 723 2519 venerit,
741 2465 771 2504 ut
781 2454 852 2504 servi
863 2463 940 2502 natus

186 2524 334 2588 crederetur,
353 2525 442 2575 seclll'e.
745 2539 759 2553 ‘

120 2645 129 2657 ,
200 2595 202 2600 ’
220 2603 277 2648 XL.
304 2601 576 2668 Duodequadragesrmo
595 2603 677 2654 ferme·
689 2621 763 2670 anno,
782 2617 815 2656 ex
829 2619 880 2670 quo
897 2618 939 2653 re-

186 2686 378 2742 gnarecoeperat
390 2679 548 2742 Tarquinius,
560 2694 611 2728 uon
622 2679 688 2746 apud
705 2696 788 2745 regem
797 2681 884 2744 mode,
895 2679 940 2730 red

187 2749 254 2813 apud
266 2751 348 2800 Patres
358 2751 505 2817 plebemque
520 2752 593 2817 longe
603 2756 716 2806 maximo
727 2758 822 2805 honore
838 2757 940 2805 Servius

190 2823 288 2872 Tullius
306 2837 366 2874 erar.
409 2831 478 2876 Tum
496 2830 560 2878 Anci
571 2829 616 2880 filii
627 2830 685 2894 duo,
701 2831 826 2882 etfiantea
843 2833 941 2898 semper

190 2911 235 2962 pro
243 2900 409 2964 -indiguillimo
419 2904 685 2974 habuemut,·sepatrlo
693 2914 770 2972 regno
779 2909 868 2974 tutoris
876 2907 941 2956 frau-

190 2968 221 3023 de
238 2975 328 3044 pulsos,
344 2989 445 3042 regnare
465 2983 554 3032 llornae
569 2980 700 3051 arveum,
718 3001 771 3038 nou
786 2984 941 3062 medetur

201 3071 203 3088 Ι
219 3085 222 3094 ,
895 3073 941 3125 cae,
