<?xml version="1.0" encoding="UTF-8"?>
<!DOCTYPE html PUBLIC "-//W3C//DTD XHTML 1.0 Transitional//EN"
    "http://www.w3.org/TR/xhtml1/DTD/xhtml1-transitional.dtd">
<html xmlns="http://www.w3.org/1999/xhtml" xml:lang="en" lang="en">
 <head>
  <title>
</title>
<meta http-equiv="Content-Type" content="text/html;charset=utf-8" />
  <meta name='ocr-system' content='tesseract 3.04.00' />
  <meta name='ocr-capabilities' content='ocr_page ocr_carea ocr_par ocr_line ocrx_word'/>
</head>
<body>
  <div class='ocr_page' id='page_1' title='image "./titiliviipatavi00ruddgoog_0060.png"; bbox 0 0 1992 3692; ppageno 0'>
   <div class='ocr_carea' id='block_1_1' title="bbox 137 131 894 678">
    <p class='ocr_par' dir='ltr' id='par_1_1' title="bbox 138 131 727 204">
     <span class='ocr_line' id='line_1_1' title="bbox 138 131 727 204; baseline -0.017 -10"><span class='ocrx_word' id='word_1_1' title='bbox 138 149 173 204; x_wconf 66' lang='lat' dir='ltr'>se</span> <span class='ocrx_word' id='word_1_2' title='bbox 402 141 438 190; x_wconf 85' lang='grc' dir='ltr'>Τ.</span> <span class='ocrx_word' id='word_1_3' title='bbox 472 140 495 190; x_wconf 87' lang='lat' dir='ltr'>L</span> <span class='ocrx_word' id='word_1_4' title='bbox 512 131 525 188; x_wconf 86' lang='lat'>1</span> <span class='ocrx_word' id='word_1_5' title='bbox 542 138 627 188; x_wconf 83' lang='lat' dir='ltr'>v11</span> <span class='ocrx_word' id='word_1_6' title='bbox 724 193 727 203; x_wconf 26' lang='grc'>1</span> 
     </span>
    </p>

    <p class='ocr_par' dir='ltr' id='par_1_2' title="bbox 137 222 894 678">
     <span class='ocr_line' id='line_1_2' title="bbox 137 222 894 292; baseline -0.011 -12"><span class='ocrx_word' id='word_1_7' title='bbox 137 231 172 280; x_wconf 78' lang='lat' dir='ltr'>ab</span> <span class='ocrx_word' id='word_1_8' title='bbox 183 228 255 281; x_wconf 86' lang='lat' dir='ltr'>initio</span> <span class='ocrx_word' id='word_1_9' title='bbox 264 236 325 292; x_wconf 77' lang='lat' dir='ltr'>erat,</span> <span class='ocrx_word' id='word_1_10' title='bbox 333 225 364 278; x_wconf 86' lang='lat' dir='ltr'>ad</span> <span class='ocrx_word' id='word_1_11' title='bbox 373 222 454 278; x_wconf 78' lang='lat' dir='ltr'>Patre&#39;r</span> <span class='ocrx_word' id='word_1_12' title='bbox 466 226 584 277; x_wconf 80' lang='lat' dir='ltr'>redierat:</span> <span class='ocrx_word' id='word_1_13' title='bbox 602 225 677 289; x_wconf 86' lang='lat' dir='ltr'>hique</span> <span class='ocrx_word' id='word_1_14' title='bbox 684 222 831 288; x_wconf 76' lang='lat' dir='ltr'>interregem</span> <span class='ocrx_word' id='word_1_15' title='bbox 839 223 894 276; x_wconf 46' lang='lat' dir='ltr'>noi</span> 
     </span>
     <span class='ocr_line' id='line_1_3' title="bbox 137 302 891 370; baseline -0.008 -13"><span class='ocrx_word' id='word_1_16' title='bbox 137 307 305 362; x_wconf 84' lang='lat' dir='ltr'>minavcrant.</span> <span class='ocrx_word' id='word_1_17' title='bbox 332 315 383 370; x_wconf 91' lang='lat' dir='ltr'>quo</span> <span class='ocrx_word' id='word_1_18' title='bbox 399 304 500 352; x_wconf 83' lang='lat' dir='ltr'>comitia</span> <span class='ocrx_word' id='word_1_19' title='bbox 516 303 630 363; x_wconf 66' lang='lat' dir='ltr'>lubente,</span> <span class='ocrx_word' id='word_1_20' title='bbox 642 305 740 351; x_wconf 80' lang='lat' dir='ltr'>Ancum</span> <span class='ocrx_word' id='word_1_21' title='bbox 760 302 891 351; x_wconf 84' lang='lat' dir='ltr'>Marcium</span> 
     </span>
     <span class='ocr_line' id='line_1_4' title="bbox 138 376 892 448; baseline -0.011 -16"><span class='ocrx_word' id='word_1_22' title='bbox 138 398 223 448; x_wconf 82' lang='lat' dir='ltr'>regem</span> <span class='ocrx_word' id='word_1_23' title='bbox 234 381 338 448; x_wconf 84' lang='lat' dir='ltr'>populus</span> <span class='ocrx_word' id='word_1_24' title='bbox 349 379 457 428; x_wconf 84' lang='lat' dir='ltr'>creavit:</span> <span class='ocrx_word' id='word_1_25' title='bbox 475 381 556 428; x_wconf 74' lang='lat' dir='ltr'>Patres</span> <span class='ocrx_word' id='word_1_26' title='bbox 565 378 633 428; x_wconf 76' lang='lat' dir='ltr'>sucre</span> <span class='ocrx_word' id='word_1_27' title='bbox 643 376 761 432; x_wconf 71' lang='lat' dir='ltr'>auctores.</span> <span class='ocrx_word' id='word_1_28' title='bbox 797 381 892 428; x_wconf 74' lang='lat' dir='ltr'>Nnmae</span> 
     </span>
     <span class='ocr_line' id='line_1_5' title="bbox 137 455 891 526; baseline -0.011 -15"><span class='ocrx_word' id='word_1_29' title='bbox 137 458 255 526; x_wconf 75' lang='lat' dir='ltr'>Pompilii</span> <span class='ocrx_word' id='word_1_30' title='bbox 270 455 333 518; x_wconf 81' lang='lat' dir='ltr'>regis</span> <span class='ocrx_word' id='word_1_31' title='bbox 351 469 435 521; x_wconf 87' lang='lat' dir='ltr'>nepos,</span> <span class='ocrx_word' id='word_1_32' title='bbox 453 455 503 502; x_wconf 74' lang='lat' dir='ltr'>filii</span> <span class='ocrx_word' id='word_1_33' title='bbox 513 465 592 517; x_wconf 81' lang='lat' dir='ltr'>ortus,</span> <span class='ocrx_word' id='word_1_34' title='bbox 604 460 686 503; x_wconf 72' lang='lat' dir='ltr'>Ancus</span> <span class='ocrx_word' id='word_1_35' title='bbox 698 455 807 502; x_wconf 82' lang='lat' dir='ltr'>Marcius</span> <span class='ocrx_word' id='word_1_36' title='bbox 824 463 891 504; x_wconf 72' lang='lat' dir='ltr'>erat·</span> 
     </span>
     <span class='ocr_line' id='line_1_6' title="bbox 137 529 893 602; baseline -0.007 -19"><span class='ocrx_word' id='word_1_37' title='bbox 137 537 190 602; x_wconf 81' lang='lat' dir='ltr'>qui,</span> <span class='ocrx_word' id='word_1_38' title='bbox 207 545 235 582; x_wconf 87' lang='lat' dir='ltr'>ut</span> <span class='ocrx_word' id='word_1_39' title='bbox 248 546 349 595; x_wconf 84' lang='lat' dir='ltr'>regnare</span> <span class='ocrx_word' id='word_1_40' title='bbox 359 531 441 596; x_wconf 72' lang='lat' dir='ltr'>coepit,</span> <span class='ocrx_word' id='word_1_41' title='bbox 459 529 483 579; x_wconf 71' lang='lat' dir='ltr'>n</span> <span class='ocrx_word' id='word_1_42' title='bbox 495 530 569 579; x_wconf 69' lang='lat' dir='ltr'>avite</span> <span class='ocrx_word' id='word_1_43' title='bbox 580 529 664 592; x_wconf 83' lang='lat' dir='ltr'>gloriae</span> <span class='ocrx_word' id='word_1_44' title='bbox 674 544 779 591; x_wconf 85' lang='lat' dir='ltr'>memor,</span> <span class='ocrx_word' id='word_1_45' title='bbox 790 529 816 578; x_wconf 78' lang='lat' dir='ltr'>dt</span> <span class='ocrx_word' id='word_1_46' title='bbox 828 529 893 594; x_wconf 79' lang='lat' dir='ltr'>quia</span> 
     </span>
     <span class='ocr_line' id='line_1_7' title="bbox 137 604 891 678; baseline -0.008 -18"><span class='ocrx_word' id='word_1_47' title='bbox 137 611 281 678; x_wconf 86' lang='lat' dir='ltr'>proximum</span> <span class='ocrx_word' id='word_1_48' title='bbox 289 621 399 670; x_wconf 81' lang='lat' dir='ltr'>regnum,</span> <span class='ocrx_word' id='word_1_49' title='bbox 409 615 488 656; x_wconf 88' lang='lat' dir='ltr'>cetera</span> <span class='ocrx_word' id='word_1_50' title='bbox 499 606 633 670; x_wconf 85' lang='lat' dir='ltr'>egregium,</span> <span class='ocrx_word' id='word_1_51' title='bbox 644 606 677 654; x_wconf 83' lang='lat' dir='ltr'>ab</span> <span class='ocrx_word' id='word_1_52' title='bbox 684 620 734 655; x_wconf 85' lang='lat' dir='ltr'>una</span> <span class='ocrx_word' id='word_1_53' title='bbox 742 615 811 671; x_wconf 87' lang='lat' dir='ltr'>parte</span> <span class='ocrx_word' id='word_1_54' title='bbox 819 604 891 654; x_wconf 83' lang='lat' dir='ltr'>haud</span> 
     </span>
    </p>
   </div>
   <div class='ocr_carea' id='block_1_2' title="bbox 74 681 899 1442">
    <p class='ocr_par' dir='ltr' id='par_1_3' title="bbox 74 681 899 1442">
     <span class='ocr_line' id='line_1_8' title="bbox 138 681 892 751; baseline -0.008 -15"><span class='ocrx_word' id='word_1_55' title='bbox 138 685 194 738; x_wconf 83' lang='lat' dir='ltr'>satis</span> <span class='ocrx_word' id='word_1_56' title='bbox 208 683 352 751; x_wconf 87' lang='lat' dir='ltr'>prosperum</span> <span class='ocrx_word' id='word_1_57' title='bbox 368 682 458 744; x_wconf 82' lang='lat' dir='ltr'>fuerat,</span> <span class='ocrx_word' id='word_1_58' title='bbox 472 693 516 730; x_wconf 86' lang='lat' dir='ltr'>aut</span> <span class='ocrx_word' id='word_1_59' title='bbox 526 681 640 745; x_wconf 70' lang='lat' dir='ltr'>neglectis</span> <span class='ocrx_word' id='word_1_60' title='bbox 656 683 824 746; x_wconf 74' lang='lat' dir='ltr'>religionibus,</span> <span class='ocrx_word' id='word_1_61' title='bbox 844 695 892 739; x_wconf 81' lang='lat' dir='ltr'>aut</span> 
     </span>
     <span class='ocr_line' id='line_1_9' title="bbox 138 758 891 837; baseline -0.004 -26"><span class='ocrx_word' id='word_1_62' title='bbox 138 766 214 837; x_wconf 78' lang='lat' dir='ltr'>prave</span> <span class='ocrx_word' id='word_1_63' title='bbox 229 762 314 820; x_wconf 76' lang='lat' dir='ltr'>cultis3</span> <span class='ocrx_word' id='word_1_64' title='bbox 331 760 404 823; x_wconf 75' lang='lat' dir='ltr'>longe</span> <span class='ocrx_word' id='word_1_65' title='bbox 420 758 610 824; x_wconf 85' lang='lat' dir='ltr'>antiquiffimum</span> <span class='ocrx_word' id='word_1_66' title='bbox 628 769 703 824; x_wconf 70' lang='lat' dir='ltr'>ratus,</span> <span class='ocrx_word' id='word_1_67' title='bbox 720 759 787 808; x_wconf 87' lang='lat' dir='ltr'>sacra</span> <span class='ocrx_word' id='word_1_68' title='bbox 802 760 891 826; x_wconf 88' lang='lat' dir='ltr'>publi-</span> 
     </span>
     <span class='ocr_line' id='line_1_10' title="bbox 139 835 892 902; baseline -0.003 -12"><span class='ocrx_word' id='word_1_69' title='bbox 139 855 176 902; x_wconf 85' lang='lat' dir='ltr'>ca,</span> <span class='ocrx_word' id='word_1_70' title='bbox 192 850 220 888; x_wconf 91' lang='lat' dir='ltr'>ut</span> <span class='ocrx_word' id='word_1_71' title='bbox 237 839 269 888; x_wconf 87' lang='lat' dir='ltr'>ab</span> <span class='ocrx_word' id='word_1_72' title='bbox 281 841 363 888; x_wconf 84' lang='lat' dir='ltr'>Numa</span> <span class='ocrx_word' id='word_1_73' title='bbox 375 835 482 884; x_wconf 83' lang='lat' dir='ltr'>inllituta</span> <span class='ocrx_word' id='word_1_74' title='bbox 498 847 577 899; x_wconf 83' lang='lat' dir='ltr'>etant,</span> <span class='ocrx_word' id='word_1_75' title='bbox 593 836 687 896; x_wconf 81' lang='lat' dir='ltr'>facere;</span> <span class='ocrx_word' id='word_1_76' title='bbox 703 837 789 886; x_wconf 84' lang='lat' dir='ltr'>omnia</span> <span class='ocrx_word' id='word_1_77' title='bbox 804 851 836 886; x_wconf 74' lang='lat' dir='ltr'>eo</span> <span class='ocrx_word' id='word_1_78' title='bbox 854 849 892 888; x_wconf 78' lang='lat' dir='ltr'>ex</span> 
     </span>
     <span class='ocr_line' id='line_1_11' title="bbox 138 913 892 980; baseline -0.005 -12"><span class='ocrx_word' id='word_1_79' title='bbox 138 917 321 968; x_wconf 81' lang='lat' dir='ltr'>commentariis</span> <span class='ocrx_word' id='word_1_80' title='bbox 336 916 400 978; x_wconf 85' lang='lat' dir='ltr'>regis</span> <span class='ocrx_word' id='word_1_81' title='bbox 416 913 570 980; x_wconf 80' lang='lat' dir='ltr'>pontificem,</span> <span class='ocrx_word' id='word_1_82' title='bbox 585 915 612 962; x_wconf 89' lang='lat' dir='ltr'>in</span> <span class='ocrx_word' id='word_1_83' title='bbox 626 913 711 963; x_wconf 82' lang='lat' dir='ltr'>album</span> <span class='ocrx_word' id='word_1_84' title='bbox 727 914 811 977; x_wconf 83' lang='lat' dir='ltr'>relata,</span> <span class='ocrx_word' id='word_1_85' title='bbox 829 928 892 979; x_wconf 89' lang='lat' dir='ltr'>pro-</span> 
     </span>
     <span class='ocr_line' id='line_1_12' title="bbox 139 989 891 1061; baseline -0.004 -18"><span class='ocrx_word' id='word_1_86' title='bbox 139 1008 232 1061; x_wconf 78' lang='lat' dir='ltr'>ponere</span> <span class='ocrx_word' id='word_1_87' title='bbox 246 995 271 1042; x_wconf 89' lang='lat' dir='ltr'>in</span> <span class='ocrx_word' id='word_1_88' title='bbox 284 990 382 1058; x_wconf 87' lang='lat' dir='ltr'>publico</span> <span class='ocrx_word' id='word_1_89' title='bbox 391 991 471 1052; x_wconf 86' lang='lat' dir='ltr'>jubet.</span> <span class='ocrx_word' id='word_1_90' title='bbox 505 989 563 1040; x_wconf 88' lang='lat' dir='ltr'>inde</span> <span class='ocrx_word' id='word_1_91' title='bbox 574 991 599 1040; x_wconf 75' lang='lat' dir='ltr'>dc</span> <span class='ocrx_word' id='word_1_92' title='bbox 610 991 708 1040; x_wconf 83' lang='lat' dir='ltr'>civibus</span> <span class='ocrx_word' id='word_1_93' title='bbox 723 991 771 1040; x_wconf 87' lang='lat' dir='ltr'>otii</span> <span class='ocrx_word' id='word_1_94' title='bbox 782 991 891 1057; x_wconf 85' lang='lat' dir='ltr'>cupidis,</span> 
     </span>
     <span class='ocr_line' id='line_1_13' title="bbox 74 1065 890 1132; baseline -0.004 -13"><span class='ocrx_word' id='word_1_95' title='bbox 74 1075 79 1086; x_wconf 93' lang='grc'><strong>’</strong></span> <span class='ocrx_word' id='word_1_96' title='bbox 140 1072 165 1130; x_wconf 63' lang='grc' dir='ltr'><strong>ἃ</strong></span> <span class='ocrx_word' id='word_1_97' title='bbox 185 1069 296 1120; x_wconf 84' lang='lat' dir='ltr'>finitimis</span> <span class='ocrx_word' id='word_1_98' title='bbox 315 1066 456 1118; x_wconf 83' lang='lat' dir='ltr'>civitatibus</span> <span class='ocrx_word' id='word_1_99' title='bbox 475 1065 618 1132; x_wconf 57' lang='lat' dir='ltr'>falia—‘spen</span> <span class='ocrx_word' id='word_1_100' title='bbox 639 1066 666 1116; x_wconf 86' lang='lat' dir='ltr'>in</span> <span class='ocrx_word' id='word_1_101' title='bbox 686 1067 728 1116; x_wconf 74' lang='lat' dir='ltr'>avi</span> <span class='ocrx_word' id='word_1_102' title='bbox 748 1083 830 1118; x_wconf 86' lang='lat' dir='ltr'>mores</span> <span class='ocrx_word' id='word_1_103' title='bbox 849 1078 890 1116; x_wconf 84' lang='lat' dir='ltr'>at-</span> 
     </span>
     <span class='ocr_line' id='line_1_14' title="bbox 139 1143 899 1221; baseline -0.003 -25"><span class='ocrx_word' id='word_1_104' title='bbox 139 1164 188 1214; x_wconf 89' lang='lat' dir='ltr'>que</span> <span class='ocrx_word' id='word_1_105' title='bbox 200 1148 306 1196; x_wconf 82' lang='lat' dir='ltr'>instituta</span> <span class='ocrx_word' id='word_1_106' title='bbox 317 1159 399 1208; x_wconf 86' lang='lat' dir='ltr'>regem</span> <span class='ocrx_word' id='word_1_107' title='bbox 411 1143 543 1195; x_wconf 84' lang='lat' dir='ltr'>abiturum.</span> <span class='ocrx_word' id='word_1_108' title='bbox 569 1143 649 1208; x_wconf 87' lang='lat' dir='ltr'>Igitur</span> <span class='ocrx_word' id='word_1_109' title='bbox 659 1144 750 1205; x_wconf 82' lang='lat' dir='ltr'>Latini,</span> <span class='ocrx_word' id='word_1_110' title='bbox 762 1157 823 1194; x_wconf 87' lang='lat' dir='ltr'>cum</span> <span class='ocrx_word' id='word_1_111' title='bbox 832 1145 899 1221; x_wconf 56' lang='lat' dir='ltr'>qui·⁸</span> 
     </span>
     <span class='ocr_line' id='line_1_15' title="bbox 139 1219 891 1288; baseline -0.007 -13"><span class='ocrx_word' id='word_1_112' title='bbox 139 1224 192 1288; x_wconf 86' lang='lat' dir='ltr'>bus,</span> <span class='ocrx_word' id='word_1_113' title='bbox 211 1219 288 1272; x_wconf 78' lang='lat' dir='ltr'>T&#39;ullo</span> <span class='ocrx_word' id='word_1_114' title='bbox 299 1229 423 1284; x_wconf 81' lang='lat' dir='ltr'>regnante,</span> <span class='ocrx_word' id='word_1_115' title='bbox 443 1219 519 1268; x_wconf 77' lang='lat' dir='ltr'>iilum</span> <span class='ocrx_word' id='word_1_116' title='bbox 535 1219 613 1270; x_wconf 83' lang='lat' dir='ltr'>foedus</span> <span class='ocrx_word' id='word_1_117' title='bbox 632 1230 691 1283; x_wconf 81' lang='lat' dir='ltr'>erat,</span> <span class='ocrx_word' id='word_1_118' title='bbox 708 1219 891 1272; x_wconf 83' lang='lat' dir='ltr'>sustuleranta.</span> 
     </span>
     <span class='ocr_line' id='line_1_16' title="bbox 137 1296 890 1361; baseline -0.001 -11"><span class='ocrx_word' id='word_1_119' title='bbox 137 1303 236 1350; x_wconf 86' lang='lat' dir='ltr'>nimos:</span> <span class='ocrx_word' id='word_1_120' title='bbox 260 1299 293 1360; x_wconf 66' lang='grc' dir='ltr'>ἃ,</span> <span class='ocrx_word' id='word_1_121' title='bbox 306 1312 383 1360; x_wconf 89' lang='lat' dir='ltr'>quum</span> <span class='ocrx_word' id='word_1_122' title='bbox 394 1296 556 1346; x_wconf 78' lang='lat' dir='ltr'>incursionem</span> <span class='ocrx_word' id='word_1_123' title='bbox 564 1298 589 1346; x_wconf 90' lang='lat' dir='ltr'>in</span> <span class='ocrx_word' id='word_1_124' title='bbox 600 1311 687 1361; x_wconf 84' lang='lat' dir='ltr'>agnun</span> <span class='ocrx_word' id='word_1_125' title='bbox 698 1302 840 1348; x_wconf 82' lang='lat' dir='ltr'>Romanum</span> <span class='ocrx_word' id='word_1_126' title='bbox 851 1300 890 1350; x_wconf 82' lang='lat' dir='ltr'>fe·</span> 
     </span>
     <span class='ocr_line' id='line_1_17' title="bbox 138 1372 890 1442; baseline 0 -16"><span class='ocrx_word' id='word_1_127' title='bbox 138 1376 230 1440; x_wconf 84' lang='lat' dir='ltr'>eiffent,</span> <span class='ocrx_word' id='word_1_128' title='bbox 255 1373 420 1438; x_wconf 84' lang='lat' dir='ltr'>repetentibus</span> <span class='ocrx_word' id='word_1_129' title='bbox 438 1389 475 1423; x_wconf 89' lang='lat' dir='ltr'>res</span> <span class='ocrx_word' id='word_1_130' title='bbox 492 1372 611 1422; x_wconf 83' lang='lat' dir='ltr'>Romanis</span> <span class='ocrx_word' id='word_1_131' title='bbox 629 1373 731 1440; x_wconf 73' lang='lat' dir='ltr'>superbe</span> <span class='ocrx_word' id='word_1_132' title='bbox 743 1374 890 1442; x_wconf 85' lang='lat' dir='ltr'>responsum</span> 
     </span>
    </p>
   </div>
   <div class='ocr_carea' id='block_1_3' title="bbox 40 1447 892 1512">
    <p class='ocr_par' dir='ltr' id='par_1_4' title="bbox 40 1447 892 1512">
     <span class='ocr_line' id='line_1_18' title="bbox 40 1447 892 1512; baseline 0.005 -13"><span class='ocrx_word' id='word_1_133' title='bbox 40 1479 43 1482; x_wconf 95' lang='lat'><em>-</em></span> <span class='ocrx_word' id='word_1_134' title='bbox 139 1452 244 1502; x_wconf 84' lang='lat' dir='ltr'>reddunt</span> <span class='ocrx_word' id='word_1_135' title='bbox 254 1467 260 1509; x_wconf 92' lang='lat'>;</span> <span class='ocrx_word' id='word_1_136' title='bbox 278 1447 383 1498; x_wconf 76' lang='lat' dir='ltr'>desidem</span> <span class='ocrx_word' id='word_1_137' title='bbox 392 1451 532 1498; x_wconf 85' lang='lat' dir='ltr'>Romanum</span> <span class='ocrx_word' id='word_1_138' title='bbox 540 1464 624 1512; x_wconf 87' lang='lat' dir='ltr'>regem</span> <span class='ocrx_word' id='word_1_139' title='bbox 632 1450 696 1499; x_wconf 85' lang='lat' dir='ltr'>inter</span> <span class='ocrx_word' id='word_1_140' title='bbox 704 1450 789 1502; x_wconf 79' lang='lat' dir='ltr'>sacella</span> <span class='ocrx_word' id='word_1_141' title='bbox 799 1453 825 1502; x_wconf 78' lang='lat' dir='ltr'>dt</span> <span class='ocrx_word' id='word_1_142' title='bbox 836 1468 892 1502; x_wconf 75' lang='lat' dir='ltr'>aras</span> 
     </span>
    </p>
   </div>
   <div class='ocr_carea' id='block_1_4' title="bbox 100 1526 891 3051">
    <p class='ocr_par' dir='ltr' id='par_1_5' title="bbox 100 1526 891 2978">
     <span class='ocr_line' id='line_1_19' title="bbox 100 1526 889 1594; baseline 0 -16"><span class='ocrx_word' id='word_1_143' title='bbox 100 1533 106 1539; x_wconf 92' lang='lat'>&#39;</span> <span class='ocrx_word' id='word_1_144' title='bbox 138 1527 250 1578; x_wconf 74' lang='lat' dir='ltr'>allorum</span> <span class='ocrx_word' id='word_1_145' title='bbox 257 1526 305 1594; x_wconf 76' lang='lat' dir='ltr'>elic</span> <span class='ocrx_word' id='word_1_146' title='bbox 313 1541 416 1590; x_wconf 86' lang='lat' dir='ltr'>regnum</span> <span class='ocrx_word' id='word_1_147' title='bbox 424 1527 480 1574; x_wconf 85' lang='lat' dir='ltr'>rati.</span> <span class='ocrx_word' id='word_1_148' title='bbox 515 1526 629 1576; x_wconf 86' lang='lat' dir='ltr'>Medium</span> <span class='ocrx_word' id='word_1_149' title='bbox 639 1527 723 1577; x_wconf 86' lang='lat' dir='ltr'>eratin</span> <span class='ocrx_word' id='word_1_150' title='bbox 735 1531 807 1578; x_wconf 79' lang='lat' dir='ltr'>Anco</span> <span class='ocrx_word' id='word_1_151' title='bbox 818 1530 889 1593; x_wconf 90' lang='lat' dir='ltr'>inge·</span> 
     </span>
     <span class='ocr_line' id='line_1_20' title="bbox 139 1601 889 1671; baseline 0.003 -19"><span class='ocrx_word' id='word_1_152' title='bbox 139 1605 218 1667; x_wconf 86' lang='lat' dir='ltr'>nium,</span> <span class='ocrx_word' id='word_1_153' title='bbox 235 1603 259 1652; x_wconf 85' lang='lat'>&amp;</span> <span class='ocrx_word' id='word_1_154' title='bbox 278 1605 373 1665; x_wconf 81' lang='lat' dir='ltr'>Numae,</span> <span class='ocrx_word' id='word_1_155' title='bbox 391 1601 416 1652; x_wconf 72' lang='lat' dir='ltr'>dt</span> <span class='ocrx_word' id='word_1_156' title='bbox 431 1602 532 1651; x_wconf 88' lang='lat' dir='ltr'>Romuli</span> <span class='ocrx_word' id='word_1_157' title='bbox 543 1617 653 1654; x_wconf 87' lang='lat' dir='ltr'>memor:</span> <span class='ocrx_word' id='word_1_158' title='bbox 671 1604 704 1668; x_wconf 69' lang='grc' dir='ltr'>ἃ,</span> <span class='ocrx_word' id='word_1_159' title='bbox 724 1615 889 1671; x_wconf 69' lang='lat' dir='ltr'>preterquam</span> 
     </span>
     <span class='ocr_line' id='line_1_21' title="bbox 140 1677 891 1746; baseline 0.001 -17"><span class='ocrx_word' id='word_1_160' title='bbox 140 1680 207 1745; x_wconf 81' lang='lat' dir='ltr'>quod</span> <span class='ocrx_word' id='word_1_161' title='bbox 227 1680 269 1728; x_wconf 79' lang='lat' dir='ltr'>avi</span> <span class='ocrx_word' id='word_1_162' title='bbox 280 1694 356 1744; x_wconf 89' lang='lat' dir='ltr'>regno</span> <span class='ocrx_word' id='word_1_163' title='bbox 373 1679 451 1742; x_wconf 83' lang='lat' dir='ltr'>magis</span> <span class='ocrx_word' id='word_1_164' title='bbox 466 1677 623 1728; x_wconf 75' lang='lat' dir='ltr'>necessariam</span> <span class='ocrx_word' id='word_1_165' title='bbox 633 1678 702 1730; x_wconf 79' lang='lat' dir='ltr'>soille</span> <span class='ocrx_word' id='word_1_166' title='bbox 710 1695 796 1746; x_wconf 86' lang='lat' dir='ltr'>pacem</span> <span class='ocrx_word' id='word_1_167' title='bbox 806 1681 891 1730; x_wconf 86' lang='lat' dir='ltr'>crede-</span> 
     </span>
     <span class='ocr_line' id='line_1_22' title="bbox 138 1753 890 1822; baseline 0 -16"><span class='ocrx_word' id='word_1_168' title='bbox 138 1757 192 1820; x_wconf 87' lang='lat' dir='ltr'>bat,</span> <span class='ocrx_word' id='word_1_169' title='bbox 202 1771 278 1822; x_wconf 88' lang='lat' dir='ltr'>quum</span> <span class='ocrx_word' id='word_1_170' title='bbox 287 1756 312 1806; x_wconf 88' lang='lat' dir='ltr'>in</span> <span class='ocrx_word' id='word_1_171' title='bbox 321 1771 398 1818; x_wconf 88' lang='lat' dir='ltr'>novo,</span> <span class='ocrx_word' id='word_1_172' title='bbox 408 1766 461 1804; x_wconf 88' lang='lat' dir='ltr'>tum</span> <span class='ocrx_word' id='word_1_173' title='bbox 472 1753 551 1806; x_wconf 82' lang='lat' dir='ltr'>feroci</span> <span class='ocrx_word' id='word_1_174' title='bbox 559 1757 667 1822; x_wconf 84' lang='lat' dir='ltr'>populo;</span> <span class='ocrx_word' id='word_1_175' title='bbox 682 1757 765 1819; x_wconf 84' lang='lat' dir='ltr'>ctiam,</span> <span class='ocrx_word' id='word_1_176' title='bbox 773 1757 841 1821; x_wconf 91' lang='lat' dir='ltr'>quod</span> <span class='ocrx_word' id='word_1_177' title='bbox 852 1758 890 1806; x_wconf 92' lang='lat' dir='ltr'>illi</span> 
     </span>
     <span class='ocr_line' id='line_1_23' title="bbox 140 1832 890 1898; baseline 0 -14"><span class='ocrx_word' id='word_1_178' title='bbox 140 1832 278 1898; x_wconf 80' lang='lat' dir='ltr'>contigisset</span> <span class='ocrx_word' id='word_1_179' title='bbox 289 1836 376 1896; x_wconf 89' lang='lat' dir='ltr'>otium,</span> <span class='ocrx_word' id='word_1_180' title='bbox 394 1832 442 1884; x_wconf 79' lang='lat' dir='ltr'>sine</span> <span class='ocrx_word' id='word_1_181' title='bbox 453 1833 542 1898; x_wconf 84' lang='lat' dir='ltr'>injuria</span> <span class='ocrx_word' id='word_1_182' title='bbox 558 1833 584 1884; x_wconf 94' lang='lat' dir='ltr'>id</span> <span class='ocrx_word' id='word_1_183' title='bbox 600 1835 624 1882; x_wconf 82' lang='lat' dir='ltr'>ic</span> <span class='ocrx_word' id='word_1_184' title='bbox 637 1835 704 1886; x_wconf 83' lang='lat' dir='ltr'>haud</span> <span class='ocrx_word' id='word_1_185' title='bbox 711 1835 781 1886; x_wconf 77' lang='lat' dir='ltr'>facile</span> <span class='ocrx_word' id='word_1_186' title='bbox 791 1836 890 1886; x_wconf 87' lang='lat' dir='ltr'>habitu·</span> 
     </span>
     <span class='ocr_line' id='line_1_24' title="bbox 139 1907 889 1978; baseline 0.001 -18"><span class='ocrx_word' id='word_1_187' title='bbox 139 1926 209 1960; x_wconf 87' lang='lat' dir='ltr'>rum:</span> <span class='ocrx_word' id='word_1_188' title='bbox 228 1907 481 1978; x_wconf 72' lang='lat' dir='ltr'>tentaripatientiam,</span> <span class='ocrx_word' id='word_1_189' title='bbox 496 1911 522 1960; x_wconf 73' lang='grc' dir='ltr'>δὲ</span> <span class='ocrx_word' id='word_1_190' title='bbox 535 1920 655 1960; x_wconf 74' lang='lat' dir='ltr'>tentatam</span> <span class='ocrx_word' id='word_1_191' title='bbox 668 1911 806 1962; x_wconf 85' lang='lat' dir='ltr'>contemni:</span> <span class='ocrx_word' id='word_1_192' title='bbox 825 1921 889 1961; x_wconf 89' lang='lat' dir='ltr'>tcm-</span> 
     </span>
     <span class='ocr_line' id='line_1_25' title="bbox 141 1988 889 2054; baseline 0 -16"><span class='ocrx_word' id='word_1_193' title='bbox 141 2003 250 2054; x_wconf 84' lang='lat' dir='ltr'>potaque</span> <span class='ocrx_word' id='word_1_194' title='bbox 270 1990 316 2038; x_wconf 79' lang='lat' dir='ltr'>eisc</span> <span class='ocrx_word' id='word_1_195' title='bbox 328 1989 404 2038; x_wconf 91' lang='lat' dir='ltr'>Tullo</span> <span class='ocrx_word' id='word_1_196' title='bbox 415 1989 469 2050; x_wconf 87' lang='lat' dir='ltr'>regi</span> <span class='ocrx_word' id='word_1_197' title='bbox 479 1988 583 2054; x_wconf 77' lang='lat' dir='ltr'>aptiora,</span> <span class='ocrx_word' id='word_1_198' title='bbox 594 1995 669 2054; x_wconf 67' lang='lat' dir='ltr'>quom</span> <span class='ocrx_word' id='word_1_199' title='bbox 678 1992 774 2039; x_wconf 83' lang='lat' dir='ltr'>Numae.</span> <span class='ocrx_word' id='word_1_200' title='bbox 808 1991 844 2038; x_wconf 90' lang='lat' dir='ltr'>Ut</span> <span class='ocrx_word' id='word_1_201' title='bbox 850 1999 889 2038; x_wconf 82' lang='lat' dir='ltr'>ta·</span> 
     </span>
     <span class='ocr_line' id='line_1_26' title="bbox 139 2064 890 2132; baseline 0.004 -20"><span class='ocrx_word' id='word_1_202' title='bbox 139 2079 207 2128; x_wconf 76' lang='lat' dir='ltr'>men,</span> <span class='ocrx_word' id='word_1_203' title='bbox 219 2067 335 2130; x_wconf 85' lang='lat' dir='ltr'>quoniam</span> <span class='ocrx_word' id='word_1_204' title='bbox 345 2068 427 2114; x_wconf 85' lang='lat' dir='ltr'>Numa</span> <span class='ocrx_word' id='word_1_205' title='bbox 438 2065 464 2112; x_wconf 90' lang='lat' dir='ltr'>in</span> <span class='ocrx_word' id='word_1_206' title='bbox 475 2081 537 2132; x_wconf 84' lang='lat' dir='ltr'>pace</span> <span class='ocrx_word' id='word_1_207' title='bbox 544 2066 674 2131; x_wconf 78' lang='lat' dir='ltr'>religiones</span> <span class='ocrx_word' id='word_1_208' title='bbox 682 2065 825 2129; x_wconf 71' lang='lat' dir='ltr'>instituisset,</span> <span class='ocrx_word' id='word_1_209' title='bbox 840 2064 890 2116; x_wconf 69' lang='lat' dir='ltr'>ise</span> 
     </span>
     <span class='ocr_line' id='line_1_27' title="bbox 139 2141 890 2209; baseline 0 -17"><span class='ocrx_word' id='word_1_210' title='bbox 139 2141 232 2192; x_wconf 73' lang='lat' dir='ltr'>bellicae</span> <span class='ocrx_word' id='word_1_211' title='bbox 244 2143 388 2192; x_wconf 73' lang='lat' dir='ltr'>ceremonia:</span> <span class='ocrx_word' id='word_1_212' title='bbox 399 2141 576 2209; x_wconf 86' lang='lat' dir='ltr'>proderentur;</span> <span class='ocrx_word' id='word_1_213' title='bbox 593 2158 639 2193; x_wconf 88' lang='lat' dir='ltr'>nec</span> <span class='ocrx_word' id='word_1_214' title='bbox 648 2155 790 2208; x_wconf 80' lang='lat' dir='ltr'>gererentur</span> <span class='ocrx_word' id='word_1_215' title='bbox 799 2142 890 2207; x_wconf 71' lang='lat' dir='ltr'>solum,</span> 
     </span>
     <span class='ocr_line' id='line_1_28' title="bbox 138 2216 891 2285; baseline 0 -15"><span class='ocrx_word' id='word_1_216' title='bbox 138 2216 181 2270; x_wconf 81' lang='lat' dir='ltr'>sed</span> <span class='ocrx_word' id='word_1_217' title='bbox 193 2218 268 2268; x_wconf 84' lang='lat' dir='ltr'>ctiam</span> <span class='ocrx_word' id='word_1_218' title='bbox 278 2219 441 2270; x_wconf 87' lang='lat' dir='ltr'>indicerentur</span> <span class='ocrx_word' id='word_1_219' title='bbox 451 2219 515 2268; x_wconf 83' lang='lat' dir='ltr'>bella</span> <span class='ocrx_word' id='word_1_220' title='bbox 523 2220 606 2285; x_wconf 81' lang='lat' dir='ltr'>aliquo</span> <span class='ocrx_word' id='word_1_221' title='bbox 616 2222 667 2271; x_wconf 92' lang='lat' dir='ltr'>ritu</span> <span class='ocrx_word' id='word_1_222' title='bbox 671 2241 680 2283; x_wconf 87' lang='lat'>;</span> <span class='ocrx_word' id='word_1_223' title='bbox 697 2222 737 2284; x_wconf 86' lang='lat' dir='ltr'>jus</span> <span class='ocrx_word' id='word_1_224' title='bbox 747 2222 779 2270; x_wconf 88' lang='lat' dir='ltr'>ab</span> <span class='ocrx_word' id='word_1_225' title='bbox 787 2221 891 2284; x_wconf 81' lang='lat' dir='ltr'>antiqua</span> 
     </span>
     <span class='ocr_line' id='line_1_29' title="bbox 138 2289 890 2360; baseline 0.004 -19"><span class='ocrx_word' id='word_1_226' title='bbox 138 2304 214 2358; x_wconf 87' lang='lat' dir='ltr'>gente</span> <span class='ocrx_word' id='word_1_227' title='bbox 232 2295 376 2360; x_wconf 81' lang='lat' dir='ltr'>AEquicolis,</span> <span class='ocrx_word' id='word_1_228' title='bbox 398 2294 466 2360; x_wconf 87' lang='lat' dir='ltr'>quod</span> <span class='ocrx_word' id='word_1_229' title='bbox 481 2289 547 2345; x_wconf 83' lang='lat' dir='ltr'>nunc</span> <span class='ocrx_word' id='word_1_230' title='bbox 563 2295 661 2346; x_wconf 75' lang='lat' dir='ltr'>fecialer</span> <span class='ocrx_word' id='word_1_231' title='bbox 678 2297 777 2359; x_wconf 74' lang='lat' dir='ltr'>habent,</span> <span class='ocrx_word' id='word_1_232' title='bbox 799 2295 890 2346; x_wconf 84' lang='lat' dir='ltr'>descri-</span> 
     </span>
     <span class='ocr_line' id='line_1_30' title="bbox 140 2369 891 2439; baseline 0.005 -21"><span class='ocrx_word' id='word_1_233' title='bbox 140 2369 194 2436; x_wconf 85' lang='lat' dir='ltr'>pfit,</span> <span class='ocrx_word' id='word_1_234' title='bbox 212 2387 262 2435; x_wconf 90' lang='lat' dir='ltr'>quo</span> <span class='ocrx_word' id='word_1_235' title='bbox 274 2387 311 2420; x_wconf 87' lang='lat' dir='ltr'>res</span> <span class='ocrx_word' id='word_1_236' title='bbox 319 2381 472 2439; x_wconf 83' lang='lat' dir='ltr'>repetuntur.</span> <span class='ocrx_word' id='word_1_237' title='bbox 506 2374 623 2436; x_wconf 81' lang='lat' dir='ltr'>Legatus,</span> <span class='ocrx_word' id='word_1_238' title='bbox 636 2373 681 2422; x_wconf 91' lang='lat' dir='ltr'>ubi</span> <span class='ocrx_word' id='word_1_239' title='bbox 692 2372 723 2422; x_wconf 86' lang='lat' dir='ltr'>ad</span> <span class='ocrx_word' id='word_1_240' title='bbox 732 2372 791 2423; x_wconf 83' lang='lat' dir='ltr'>lines</span> <span class='ocrx_word' id='word_1_241' title='bbox 802 2387 891 2422; x_wconf 82' lang='lat' dir='ltr'>eorum</span> 
     </span>
     <span class='ocr_line' id='line_1_31' title="bbox 139 2441 890 2514; baseline 0.001 -19"><span class='ocrx_word' id='word_1_242' title='bbox 139 2448 219 2509; x_wconf 72' lang='lat' dir='ltr'>uenit,</span> <span class='ocrx_word' id='word_1_243' title='bbox 230 2446 295 2498; x_wconf 85' lang='lat' dir='ltr'>unde</span> <span class='ocrx_word' id='word_1_244' title='bbox 307 2463 344 2498; x_wconf 87' lang='lat' dir='ltr'>res</span> <span class='ocrx_word' id='word_1_245' title='bbox 354 2457 506 2514; x_wconf 86' lang='lat' dir='ltr'>repetuntur,</span> <span class='ocrx_word' id='word_1_246' title='bbox 518 2448 598 2513; x_wconf 85' lang='lat' dir='ltr'>capite</span> <span class='ocrx_word' id='word_1_247' title='bbox 609 2448 693 2498; x_wconf 85' lang='lat' dir='ltr'>velato</span> <span class='ocrx_word' id='word_1_248' title='bbox 704 2450 747 2499; x_wconf 87' lang='lat' dir='ltr'>filo</span> <span class='ocrx_word' id='word_1_249' title='bbox 765 2448 835 2510; x_wconf 72' lang='lat' dir='ltr'>(lanz</span> <span class='ocrx_word' id='word_1_250' title='bbox 846 2441 890 2497; x_wconf 70' lang='grc' dir='ltr'>νέ-</span> 
     </span>
     <span class='ocr_line' id='line_1_32' title="bbox 140 2521 891 2589; baseline 0 -17"><span class='ocrx_word' id='word_1_251' title='bbox 140 2521 221 2572; x_wconf 82' lang='lat' dir='ltr'>lamen</span> <span class='ocrx_word' id='word_1_252' title='bbox 232 2525 273 2586; x_wconf 84' lang='lat' dir='ltr'>est)</span> <span class='ocrx_word' id='word_1_253' title='bbox 281 2524 350 2585; x_wconf 85' lang='lat' dir='ltr'>Audi,</span> <span class='ocrx_word' id='word_1_254' title='bbox 358 2525 455 2589; x_wconf 79' lang='lat' dir='ltr'>Jupiter,</span> <span class='ocrx_word' id='word_1_255' title='bbox 463 2523 554 2587; x_wconf 87' lang='lat' dir='ltr'>inquit,</span> <span class='ocrx_word' id='word_1_256' title='bbox 564 2524 636 2576; x_wconf 80' lang='lat' dir='ltr'>audite</span> <span class='ocrx_word' id='word_1_257' title='bbox 641 2525 705 2588; x_wconf 83' lang='lat' dir='ltr'>fines,</span> <span class='ocrx_word' id='word_1_258' title='bbox 715 2524 891 2589; x_wconf 79' lang='lat' dir='ltr'>(cujuscunque</span> 
     </span>
     <span class='ocr_line' id='line_1_33' title="bbox 138 2596 891 2668; baseline 0.007 -23"><span class='ocrx_word' id='word_1_259' title='bbox 138 2597 228 2661; x_wconf 86' lang='lat' dir='ltr'>gentis,</span> <span class='ocrx_word' id='word_1_260' title='bbox 238 2596 293 2647; x_wconf 89' lang='lat' dir='ltr'>sunt</span> <span class='ocrx_word' id='word_1_261' title='bbox 303 2600 423 2664; x_wconf 80' lang='lat' dir='ltr'>nominat)</span> <span class='ocrx_word' id='word_1_262' title='bbox 435 2599 563 2664; x_wconf 75' lang='lat' dir='ltr'>azcdiatfar.</span> <span class='ocrx_word' id='word_1_263' title='bbox 590 2602 640 2668; x_wconf 83' lang='lat' dir='ltr'>Ego</span> <span class='ocrx_word' id='word_1_264' title='bbox 644 2602 696 2664; x_wconf 78' lang='lat' dir='ltr'>sm</span> <span class='ocrx_word' id='word_1_265' title='bbox 703 2600 799 2667; x_wconf 69' lang='lat' dir='ltr'>publicus</span> <span class='ocrx_word' id='word_1_266' title='bbox 805 2600 891 2651; x_wconf 74' lang='lat' dir='ltr'>mucius</span> 
     </span>
     <span class='ocr_line' id='line_1_34' title="bbox 138 2671 889 2743; baseline 0.008 -25"><span class='ocrx_word' id='word_1_267' title='bbox 138 2671 214 2737; x_wconf 77' lang='lat' dir='ltr'>popuii</span> <span class='ocrx_word' id='word_1_268' title='bbox 225 2672 324 2734; x_wconf 66' lang='lat' dir='ltr'>nonunt,</span> <span class='ocrx_word' id='word_1_269' title='bbox 336 2672 395 2735; x_wconf 73' lang='lat' dir='ltr'>juste</span> <span class='ocrx_word' id='word_1_270' title='bbox 408 2675 494 2739; x_wconf 65' lang='lat' dir='ltr'>piique.</span> <span class='ocrx_word' id='word_1_271' title='bbox 501 2673 582 2738; x_wconf 78' lang='lat' dir='ltr'>legatus</span> <span class='ocrx_word' id='word_1_272' title='bbox 595 2677 667 2738; x_wconf 81' lang='lat' dir='ltr'>venio,</span> <span class='ocrx_word' id='word_1_273' title='bbox 678 2674 788 2743; x_wconf 68' lang='lat' dir='ltr'>verbisque</span> <span class='ocrx_word' id='word_1_274' title='bbox 798 2677 851 2724; x_wconf 82' lang='lat' dir='ltr'>meir</span> <span class='ocrx_word' id='word_1_275' title='bbox 857 2675 889 2738; x_wconf 78' lang='lat' dir='ltr'>fi·</span> 
     </span>
     <span class='ocr_line' id='line_1_35' title="bbox 141 2744 889 2815; baseline 0.011 -22"><span class='ocrx_word' id='word_1_276' title='bbox 141 2744 178 2801; x_wconf 83' lang='lat' dir='ltr'>des</span> <span class='ocrx_word' id='word_1_277' title='bbox 184 2745 223 2810; x_wconf 76' lang='lat' dir='ltr'>stt.</span> <span class='ocrx_word' id='word_1_278' title='bbox 258 2749 355 2812; x_wconf 85' lang='lat' dir='ltr'>Peragit</span> <span class='ocrx_word' id='word_1_279' title='bbox 366 2748 452 2799; x_wconf 90' lang='lat' dir='ltr'>deinde</span> <span class='ocrx_word' id='word_1_280' title='bbox 463 2748 591 2815; x_wconf 84' lang='lat' dir='ltr'>postulata.</span> <span class='ocrx_word' id='word_1_281' title='bbox 626 2750 688 2801; x_wconf 88' lang='lat' dir='ltr'>Inde</span> <span class='ocrx_word' id='word_1_282' title='bbox 702 2754 795 2815; x_wconf 83' lang='lat' dir='ltr'>Jovem</span> <span class='ocrx_word' id='word_1_283' title='bbox 806 2751 889 2804; x_wconf 77' lang='lat' dir='ltr'>testem</span> 
     </span>
     <span class='ocr_line' id='line_1_36' title="bbox 142 2819 890 2893; baseline 0.013 -25"><span class='ocrx_word' id='word_1_284' title='bbox 142 2819 215 2872; x_wconf 82' lang='lat' dir='ltr'>facit:</span> <span class='ocrx_word' id='word_1_285' title='bbox 233 2822 259 2869; x_wconf 82' lang='lat' dir='ltr'>Si</span> <span class='ocrx_word' id='word_1_286' title='bbox 272 2838 308 2886; x_wconf 86' lang='lat' dir='ltr'>ego</span> <span class='ocrx_word' id='word_1_287' title='bbox 322 2823 397 2888; x_wconf 70' lang='lat' dir='ltr'>injusti</span> <span class='ocrx_word' id='word_1_288' title='bbox 408 2826 513 2890; x_wconf 65' lang='lat' dir='ltr'>impiique</span> <span class='ocrx_word' id='word_1_289' title='bbox 523 2824 569 2872; x_wconf 83' lang='lat' dir='ltr'>iiior</span> <span class='ocrx_word' id='word_1_290' title='bbox 579 2824 670 2875; x_wconf 84' lang='lat' dir='ltr'>homines</span> <span class='ocrx_word' id='word_1_291' title='bbox 681 2827 765 2893; x_wconf 80' lang='lat' dir='ltr'>illosque</span> <span class='ocrx_word' id='word_1_292' title='bbox 773 2843 809 2876; x_wconf 84' lang='lat' dir='ltr'>res</span> <span class='ocrx_word' id='word_1_293' title='bbox 819 2827 890 2878; x_wconf 76' lang='lat' dir='ltr'>dedier</span> 
     </span>
     <span class='ocr_line' id='line_1_37' title="bbox 140 2899 891 2978; baseline 0.003 -24"><span class='ocrx_word' id='word_1_294' title='bbox 140 2899 215 2960; x_wconf 67' lang='lat' dir='ltr'>mutio</span> <span class='ocrx_word' id='word_1_295' title='bbox 228 2899 302 2970; x_wconf 77' lang='lat' dir='ltr'>popuii</span> <span class='ocrx_word' id='word_1_296' title='bbox 312 2901 404 2958; x_wconf 72' lang='lat' dir='ltr'>omani</span> <span class='ocrx_word' id='word_1_297' title='bbox 419 2901 473 2956; x_wconf 77' lang='lat' dir='ltr'>miii</span> <span class='ocrx_word' id='word_1_298' title='bbox 483 2903 575 2978; x_wconf 63' lang='lat' dir='ltr'>regesto,</span> <span class='ocrx_word' id='word_1_299' title='bbox 585 2910 632 2958; x_wconf 80' lang='lat' dir='ltr'>nm</span> <span class='ocrx_word' id='word_1_300' title='bbox 644 2903 891 2972; x_wconf 72' lang='lat' dir='ltr'>patriaecrmpotcmm</span> 
     </span>
    </p>

    <p class='ocr_par' dir='ltr' id='par_1_6' title="bbox 786 2995 890 3051">
     <span class='ocr_line' id='line_1_38' title="bbox 786 2995 890 3051; baseline 0 -20"><span class='ocrx_word' id='word_1_301' title='bbox 786 2995 890 3051; x_wconf 73' lang='lat' dir='ltr'>nunquam</span> 
     </span>
    </p>
   </div>
   <div class='ocr_carea' id='block_1_5' title="bbox 0 0 1002 3692">
    <p class='ocr_par' dir='ltr' id='par_1_7' title="bbox 0 0 1002 3692">
     <span class='ocr_line' id='line_1_39' title="bbox 0 0 1002 3692; baseline 0 0"><span class='ocrx_word' id='word_1_302' title='bbox 0 0 1002 3692; x_wconf 95' lang='lat' dir='ltr'> </span> 
     </span>
    </p>
   </div>
  </div>
 </body>
</html>
