1992 3692
308 295 313 302 Ι
379 237 403 288 L
420 239 434 290 1
451 241 470 289 B
487 243 508 293 Ε
527 247 550 297 R
582 249 606 298 Ι.
835 253 894 322 η’

118 313 232 366 Eventus
245 326 329 368 tamen
340 317 397 372 belli
409 327 490 378 minus
507 331 669 386 miserabilem
686 337 871 398 dimicationem

117 391 191 442 fecit:
213 395 281 459 quod
292 411 338 447 nec
349 401 402 450 acie
419 415 538 456 certatum
550 413 582 459 cll
589 431 596 472 ;
614 415 647 478 dc,
665 415 733 467 tetris
744 420 821 470 modo
831 423 869 472 di-

116 471 177 519 rutis
194 471 296 522 alterius
305 476 382 540 urbis,
400 479 450 530 duo
468 487 554 551 populi
565 489 590 538 in
602 507 680 544 unum
699 499 793 548 consuti
805 498 871 552 sunt.

116 545 209 597 Albani
229 551 323 616 priores
340 554 435 619 ingenti
454 565 565 614 exercitu
581 569 616 618 iu.
626 586 713 634 agrum
726 581 870 630 Romanum

115 624 238 691 impetum
249 627 339 678 secere.
352 634 427 684 castra
433 637 463 686 ab
469 639 530 690 urbe
539 643 604 696 haud
614 648 667 713 plus
676 654 870 720 quinquemillia

116 701 229 766 passuum
241 705 334 772 locant,
352 709 416 760 sossi
433 716 592 771 circundant:
610 725 670 776 lolia
683 731 770 782 Cluilia
781 735 812 785 ab
823 751 870 786 no·
884 706 888 714 ⁵
969 723 982 742 ⁶

115 780 182 828 mine
194 780 265 832 dudis
273 799 317 851 per
332 787 428 853 aliquot
439 790 517 844 sectnla
528 800 649 866 appellata
660 805 701 870 est,
718 810 798 861 donec
809 829 868 866 cum

114 869 246 907 nonomen
257 875 357 927 quoque
367 869 485 920 vetustate
497 873 616 944 abolevit.
634 885 665 932 In
673 883 711 934 his
719 889 799 940 callris
807 892 866 940 Clu-

115 931 170 982 ilius
183 935 295 986 Albanus
307 952 352 990 rex
366 945 484 1008 moritum
501 949 645 1009 <littatorem
657 961 748 1015 Albani
756 970 866 1020 Mettum

115 1007 250 1058 Fufferium
270 1025 362 1066 creant,
396 1021 500 1073 Interim
523 1030 611 1082 'Iulius
633 1035 713 1104 serox,
741 1046 868 1113 praecipue

112 1095 193 1134 morte
203 1088 277 1152 regis,
295 1106 462 1164 magnumque
473 1103 585 1177 Deorum
596 1125 695 1182 numen,
713 1119 745 1169 ab
756 1124 810 1190 ipso
824 1141 865 1175 ca·

131 1161 137 1171 ·
268 1202 275 1228 ,
303 1166 328 1216 in
346 1185 419 1221 omne
437 1189 528 1228 nomen
551 1185 675 1241 Albanum
695 1200 864 1264 expetiturum

112 1252 196 1303 poenas
215 1240 250 1289 ob
270 1242 361 1294 bellurn
384 1249 488 1316 impium
505 1255 623 1329 diditanr,
648 1271 728 1337 nodie,
754 1281 864 1343 praeteri-
934 1298 938 1304 ‘

110 1314 143 1362 tis
154 1315 262 1365 hostium
274 1321 363 1386 castris,
383 1324 469 1378 inserto
481 1338 628 1392 exercituin
640 1361 726 1411 agrum
741 1356 867 1413 Albanum

111 1392 202 1457 pergit.
244 1396 280 1442 Ea
300 1411 338 1448 res
356 1396 388 1449 'ab
407 1403 500 1458 stativis
521 1415 618 1467 excivit
634 1424 752 1480 Mettum.

111 1473 186 1532 quim
203 1472 319 1537 proxime
334 1475 364 1524 ad
383 1477 475 1532 hostem
492 1491 583 1554 potell;
604 1496 660 1548 inde
676 1501 783 1570 legatum
800 1530 863 1581 prae-

110 1543 209 1596 millum
220 1550 338 1600 nunciare
350 1555 426 1606 Tullo
440 1560 519 1630 jubet,
536 1559 678 1640 priusquam
691 1582 814 1655 dimicent,
833 1613 862 1646 o-

110 1637 155 1690 pus
167 1623 214 1673 elle
227 1627 354 1695 colloquio
365 1649 372 1681 ε
397 1634 414 1683 si
429 1635 511 1692 secum
523 1649 661 1715 congrellus
672 1658 708 1724 fit,
725 1663 781 1716 satis
792 1669 862 1738 scire,
877 1711 885 1721 2

109 1712 138 1747 ea
150 1699 174 1750 se
186 1702 324 1771 allaturum,
343 1725 397 1774 quae
411 1715 488 1768 nihilo
502 1725 585 1792 minus
603 1731 635 1781 ad
650 1741 701 1786 rem
712 1743 861 1818 Romanam,

109 1781 183 1840 quim
195 1779 227 1828 ad
240 1782 370 1850 Albanam,
382 1794 528 1856 pertineant.
558 1806 632 1858 Haud
642 1810 782 1878 aspernatus
794 1826 859 1876 Tul-

107 1852 153 1916 lus,
171 1857 266 1906 tametsi
283 1876 348 1911 vana
367 1865 539 1942 afferebantur,
556 1880 582 1929 in
594 1885 672 1936 aciem
684 1892 774 1946 educit.
799 1917 860 1952 cxc·

788 1435 866 1504 ducit,

88 1962 94 1969 .
105 1940 153 1980 unt
164 1940 250 1983 contri
262 1937 287 1986 dc
299 1939 397 1992 Albani.
427 1951 557 2019 Postquam
569 1959 675 2015 instructi
686 1973 801 2042 utrinque
812 1981 858 2032 lla-

107 2005 168 2056 bant
187 2026 245 2062 eum
265 2019 350 2080 paucis
366 2035 496 2087 procerum
516 2031 542 2082 in
559 2038 668 2093 medium
685 2045 757 2102 duces
770 2046 872 2124 proces

106 2083 176 2135 dunt.
213 2091 253 2139 Ibi
273 2094 329 2144 infit
347 2099 469 2155 Albanus:
494 2112 596 2180 Iry'uriar,
614 2121 642 2171 dr
656 2142 696 2174 non
714 2134 807 2187 redditas
823 2155 861 2192 res

106 2179 132 2212 ex
138 2165 231 2231 foedere,
248 2186 291 2236 que
301 2177 451 2245 repetitaefint,
470 2185 496 2236 dr
508 2205 546 2256 ego
556 2206 628 2261 regem
639 2206 731 2265 nostrum
749 2215 860 2279 Cluilium,

104 2241 189 2304 causton
207 2243 292 2310 hujusce
306 2247 345 2316 effe
354 2249 409 2317 belli,
422 2259 500 2326 audiffe
511 2267 601 2320 videor:
618 2289 686 2328 necte
696 2283 772 2354 dolio,
785 2295 859 2362 Tulle,

104 2317 177 2364 eadem
185 2329 233 2384 pre
245 2331 268 2370 te
272 2324 346 2388 ferro
367 2332 415 2396 sid,
426 2335 450 2398 fi
460 2353 515 2389 vera
522 2347 602 2413 politis,
614 2358 679 2419 purim
690 2362 746 2412 ditio
753 2369 858 2440 speciosa,

103 2391 190 2442 dicenda
196 2397 259 2462 sunt,
282 2403 358 2466 cupido
367 2408 454 2474 imperii
470 2415 520 2468 duos
533 2437 629 2491 cognatos
639 2435 756 2506 vicinosque
765 2449 857 2513 populos

102 2467 132 2514 ad
143 2473 324 2536 armastimuial.
360 2485 446 2552 Neque,
460 2492 524 2557 redii,
536 2516 564 2548 an
570 2512 695 2576 perperam,
707 2517 856 2587 interpretor.-

96 2544 171 2608 suerit
181 2548 226 2610 ista.
235 2553 282 2615 ejus
292 2554 420 2626 deliberatio,
432 2567 468 2632 qui
477 2567 658 2649 bellumficsiepit.
679 2607 714 2640 me
724 2597 759 2644 Al

100 2624 163 2672 rende
173 2624 226 2676 bello
236 2629 311 2681 ducem
319 2649 429 2689 ererum.
457 2645 518 2697 Illud
526 2661 554 2716 te,
568 2659 636 2724 Tulle,
654 2597 854 2733 monitumbdiiifnei

100 2697 193 2767 Etrusca
203 2719 247 2769 rer,
271 2720 350 2774 quanta
360 2715 417 2765 circa
425 2737 460 2770 nos
468 2731 528 2791 teque
542 2737 679 2806 maximlfit‚
697 2752 735 2812 qno*
739 2759 854 2823 propiores

100 2787 147 2840 vos,
163 2779 201 2829 hoe
218 2786 292 2852 magis
302 2790 356 2854 scis.
385 2797 474 2849 multum
491 2804 598 2877 illitord,
608 2817 727 2880 plurimum
738 2836 852 2902 maripol·
909 2856 917 2860 ·

98 2851 148 2902 lent.
183 2859 282 2938 Memor
294 2865 343 2929 esto,
349 2869 408 2936 jam,
420 2891 483 2942 qpum
488 2879 575 2949 stgnum
582 2902 658 2959 pugne
671 2899 736 2968 datis,
751 2907 789 2960 bas
799 2915 853 2968 duas

97 2930 151 2978 acin
156 2931 281 3000 speHacqu
287 2941 340 3003 sore
347 2963 354 3006 ;
372 2957 396 2998 ut
406 2953 471 3020 feffirs
482 2962 627 3035 conftHosque,
644 2977 699 3027 rmul
707 2983 811 3039 viliorem
824 3000 852 3042 ad

5 3033 6 3053 ,
96 3005 355 3082 otnanaggnrrantur.
374 3027 464 3096 Juque,
470 3033 494 3096 fi
503 3053 539 3089 nor
548 3041 580 3095 dii
589 3061 671 3119 amant,
683 3062 791 3130 quoniam,
810 3084 854 3120 non

241 3140 244 3144 .
458 3109 477 3159 B
494 3125 509 3161 2
798 3157 848 3196 con.
