1992 3692
87 287 212 342 diversum
220 291 268 342 iter
279 289 339 356 equi
348 291 473 354 concitati,
489 290 599 340 lacerum
607 288 634 339 in
643 289 751 355 utrdqtte
765 303 842 340 turm

85 385 185 439 eorpus,
202 371 254 437 qua
269 368 416 418 inhaeserant
434 369 540 418 vinculis
559 368 681 431 membra,
706 377 846 435 portantem·
952 416 956 420 .

86 451 210 498 Avertere
221 451 409 497 omneeatanta
419 444 529 494 foeditate
536 443 665 512 speilamli
676 445 771 494 oculor.
788 444 843 493 Pri-
992 445 994 458 '

84 539 156 573 mum
167 525 335 590 ultimumque
348 523 407 572 illud
422 521 570 590 supplicium
582 523 648 590 apud
657 525 786 574 Romanoa
796 535 847 571 en

85 603 160 668 empli
172 617 262 668 parum
273 601 392 650 memoria
402 600 485 665 legum
496 601 659 650 humanam
673 600 731 650 suit.
750 599 777 649 in
788 597 846 649 aliie
887 661 892 667 1

83 678 187 744 gloriari
198 681 265 743 licet,
283 679 343 728 nulli
355 679 464 743 gentium
471 679 583 727 mitioree
591 677 705 745 placuiffe
715 693 808 746 pennae.

119 760 223 806 XXIX.
237 761 305 806 Inter
315 758 367 806 haec
374 756 429 820 jam
436 755 549 823 praemitli
560 756 650 805 Albam
658 767 727 805 erant
736 756 843 821 equitet,

85 836 129 898 qui
139 834 327 884 multitudinem
333 833 488 884 traducerent
496 837 613 884 Romam.
625 834 747 898 Legiones
753 832 844 884 deinde

84 909 166 960 dutiae
177 909 209 962 ad
221 908 366 958 diruendam
376 909 473 962 urbem.
499 923 554 974 quae
562 909 608 958 ubi
618 909 742 959 intravere
749 919 843 977 portae,

86 1001 139 1036 non
154 985 258 1052 quidem
273 986 321 1036 fuit
337 987 458 1036 tumultus
473 987 522 1050 ille,
538 1000 586 1036 nec
606 1001 695 1052 pavor,
713 987 790 1051 qualia
801 1001 843 1034 ea·

87 1075 188 1132 pratum
199 1063 247 1113 effe
259 1065 359 1114 urbium
366 1065 442 1125 solet;
454 1079 540 1130 quum,
548 1062 650 1115 effractis
661 1066 746 1131 port'u,
753 1061 845 1115 mans-

87 1157 119 1191 ve
131 1143 211 1192 ariete
228 1143 315 1204 muris,
334 1151 378 1192 aut
388 1157 444 1191 aree
461 1141 580 1207 trinepti,
597 1141 691 1192 clamor
709 1142 801 1192 notun
816 1139 846 1191 k

87 1221 173 1270 cursus
184 1235 232 1288 per
238 1221 327 1270 urbem
345 1231 500 1269 armatorum
514 1220 598 1270 omnia
613 1218 680 1268 ferro
695 1220 846 1282 flammaque

86 1297 189 1348 miscet:
208 1297 251 1347 sed
261 1298 384 1347 utentium
398 1298 462 1348 triste
470 1313 500 1347 ac
510 1299 585 1347 tacita
592 1298 705 1348 multitia
713 1299 748 1348 ita
756 1296 847 1348 defixit

5 1415 6 1422 ,
87 1375 204 1423 omnium
212 1375 318 1436 animos,
327 1383 364 1436 ut,
374 1389 423 1440 prae
432 1383 502 1423 metu
510 1373 591 1437 obliti,
601 1373 661 1440 quid
671 1375 847 1438 relinquerent,

88 1450 149 1514 quid
161 1449 246 1499 secum
256 1449 357 1513 ferrent,
366 1449 496 1499 deficiente
505 1451 614 1515 confilio,
624 1452 807 1517 rogitantesque
817 1467 846 1502 a·

88 1527 115 1576 lii
122 1521 198 1590 alios,
217 1527 321 1576 nuncin
337 1527 464 1576 liminibus
470 1528 567 1592 starent,
583 1543 648 1578 nunc
659 1528 789 1579 errabundi
798 1529 846 1580 do-

88 1593 145 1655 ntde
155 1604 218 1669 suaa,
228 1603 344 1653 ultimum
358 1603 417 1652 illud
427 1603 512 1668 visun,
522 1615 721 1671 pervagarentur.
755 1608 790 1655 Ut
799 1621 847 1656 te·

88 1686 118 1732 rb
130 1683 184 1745 jam
198 1683 313 1746 equitum
322 1680 415 1730 clamor
428 1683 496 1731 exire
512 1682 653 1745 J'ubentium
666 1682 777 1747 instabat,
791 1684 847 1748 jam

90 1756 176 1820 fragor
187 1753 319 1818 tritorum,
337 1771 391 1821 qua
401 1755 568 1820 diruebantur,
584 1757 677 1806 ultimis
689 1757 758 1806 urbia
768 1760 846 1825 parti·

91 1833 137 1882 bus
156 1831 311 1894 audiebatur,
331 1831 468 1898 pulvisque,
485 1847 519 1882 ex
529 1833 672 1883 dstannbus
689 1834 754 1883 locis
768 1843 848 1900 onus,
881 1843 886 1849 ·

92 1911 165 1958 velut
182 1909 248 1958 nube
260 1907 358 1958 indutu
372 1911 457 1958 omnia
466 1909 615 1978 impleverat
620 1927 629 1969 3
645 1911 745 1975 raptim,
758 1910 849 1975 quibus

93 1984 199 2052 quisque
210 1994 317 2050 poterat,
336 1985 412 2049 elatis,
429 2003 506 2053 quum
520 1987 597 2038 larem
612 2003 643 2036 ac
655 1998 754 2054 penaten
771 1987 847 2039 teita-

93 2078 151 2129 que‚
169 2061 297 2126 inquibus
313 2071 384 2112 natus
398 2063 500 2128 quisque
515 2061 679 2129 educamsque
689 2063 755 2131 esset,
771 2066 847 2116 retin-

93 2149 196 2206 quentes
204 2139 318 2188 exirent:
333 2139 386 2200 jam
397 2142 524 2190 continens
532 2157 620 2205 agmen
628 2143 787 2205 migrantium
798 2145 848 2193 im·

5 2269 6 2275 ,
94 2218 206 2284 pleverat
218 2216 286 2264 vias:
305 2215 331 2263 nc
344 2215 485 2282 conspeliut
498 2217 602 2268 aliorum
613 2220 699 2267 mutui
709 2219 846 2270 miseratio·

94 2307 124 2342 ne
136 2291 277 2355 integrabat
287 2291 412 2342 lacrimas:
430 2293 554 2358 vocesque
565 2294 639 2344 etiam
647 2294 793 2345 miserabiles
800 2309 847 2346 ex·

94 2368 274 2427 audiebanmr;
292 2366 423 2414 mulierum
433 2369 563 2434 praecipue,
580 2383 657 2435 quum
668 2369 759 2420 obsessa
769 2371 801 2420 ab
810 2385 847 2419 an

94 2446 167 2494 matis
176 2444 269 2510 templa
278 2441 378 2506 augusta
387 2444 544 2508 praeterirent,
560 2461 590 2494 ac
600 2445 671 2494 velut
678 2446 764 2513 captos
773 2447 847 2495 relin-

95 2533 200 2586 querent
211 2525 290 2569 Deos.
325 2519 425 2582 Egreffis
433 2521 520 2570 urbem
534 2522 643 2585 Albania,
653 2526 778 2573 Romanus
792 2521 847 2590 pas·

94 2595 138 2646 lim
151 2596 253 2662 publica
270 2595 416 2661 privataque
436 2597 520 2645 omnia
538 2596 600 2646 tetta
612 2598 724 2663 adaquat
739 2599 800 2661 soloe
818 2613 847 2647 u·

95 2686 177 2736 naque
196 2673 261 2721 hora
280 2669 515 2734 quadringentorum
531 2689 652 2723 annorum
671 2690 741 2741 opus,
758 2676 847 2741 quibus

96 2749 160 2798 Alba
174 2748 281 2808 steterat,
293 2746 393 2796 excidia
405 2765 433 2797 ac
447 2750 523 2798 ruinis
533 2748 608 2800 dedit.
643 2753 755 2818 Templis
763 2762 847 2804 tamen

95 2825 177 2874 Deum
187 2826 233 2885 (ita
242 2825 310 2874 enim
319 2823 425 2874 ediilum
433 2825 464 2876 ab
473 2841 530 2890 rege
538 2827 627 2892 fuerat)
635 2837 795 2896 temperatum
803 2829 847 2879 cll.

129 2903 218 2955 XXX.
237 2904 320 2950 Roma
332 2901 430 2950 interim
439 2902 524 2950 crescit
534 2903 603 2952 Albae
614 2906 697 2955 ruinis.
710 2904 847 2973 duplicatur
933 2937 936 2941 f

4 2966 9 3053 l
96 2977 193 3030 titium
209 2991 338 3030 numerus.
374 2978 633 3108 Οαῧέεέὀῶωῐυὼὶ
648 2985 849 3114 monszfthub
894 3059 897 3068 Ι
992 3029 994 3040 ,

759 3074 850 3127 equett·
