1992 3692
287 212 289 217 ’
324 233 495 301 nrnnn
528 238 578 289 m.
778 245 829 306 ur
859 198 864 211 ’
967 211 970 216 ’

74 317 183 375 hostium
195 332 284 389 agrum
296 324 384 377 insesio
395 328 493 393 agmine
504 313 695 397 populabundus
702 328 763 396 isset,
772 346 830 385 curn

73 394 171 462 ingenti
182 401 259 451 laude
270 402 400 469 praedaque
411 408 519 454 Romam
532 407 614 456 rediit.

105 480 155 527 1v.
177 478 298 549 consuler
309 480 366 529 inde
380 488 412 529 A.
431 482 568 532 Postumius
581 484 668 547 Albus,
686 488 728 551 sp.
742 484 833 535 Furiut
855 544 859 549 ι

71 551 158 603 Fusus.
196 556 287 605 Furios
302 557 385 606 Fusios
396 556 513 623 scripsere
523 559 633 623 quidam.
657 560 682 608 id
694 560 831 630 admoneo,

38 646 41 659 ¹
71 632 165 696 nequis
177 632 384 685 immutationem
402 636 517 685 virorum
526 636 636 702 ipsorum
646 635 702 700 esse,
718 654 830 702 quaeno⁴

71 708 167 757 minum
179 709 225 774 est,
243 720 323 778 putet.
359 711 433 761 Haud
447 711 552 761 dubium
562 724 623 776 erat,
640 715 700 778 quin
711 730 768 764 cum
783 719 828 766 AE·

71 784 124 847 quis
140 785 207 835 alter
218 786 350 837 consulum
365 788 459 837 bellum
471 799 575 853 gereret.
609 792 697 856 Itaque
708 793 783 856 AEqui
794 792 829 844 ab

72 860 200 921 Ecetranis
218 864 317 915 Volscis
329 866 466 933 presidium
477 867 579 933 petiere.
613 882 665 933 quo
681 870 770 935 cupide
780 871 828 920 ob·

71 938 128 1002 lato,
146 940 226 1001 (adeo
245 944 361 993 civitatee
378 946 415 995 hae
433 955 554 1011 perpetuo
573 947 600 994 in
620 949 747 996 Romanos
766 948 829 1000 odio

71 1018 210 1079 certavere)
227 1017 320 1067 bellum
332 1018 427 1069 summa
443 1021 471 1068 vi
483 1020 623 1087 parabatur.
640 1022 753 1071 Sentium
763 1026 829 1074 Her-

71 1091 127 1153 nici,
144 1093 172 1141 Be
184 1093 327 1160 praedicunt
338 1096 465 1159 Romanis,
483 1098 632 1145 Ecetranum
640 1095 774 1163 adAEquoe
784 1098 828 1148 de-

72 1164 142 1217 scisse
179 1169 294 1239 suspesta
312 1172 337 1221 ἀ
352 1173 451 1223 colonia
462 1174 567 1223 Antium
582 1173 639 1237 suit,
657 1173 725 1239 quud
736 1190 828 1239 taragna

73 1245 109 1295 vis
119 1248 258 1299 hominum
269 1250 336 1314 inde,
353 1265 431 1316 quum
443 1250 564 1317 oppidum
578 1261 678 1318 captum
689 1249 755 1312 essct,
765 1266 828 1300 con·

73 1320 167 1386 fugisset
178 1326 215 1375 ad
231 1328 339 1392 AEquos.
365 1325 433 1391 isque
448 1327 517 1377 miles
529 1341 574 1394 per
587 1327 681 1376 beilum
691 1326 829 1391 AEquicum

71 1400 110 1447 vel
128 1403 267 1460 acerrimus
278 1403 336 1454 fuit.
373 1402 613 1470 Compulsredeinde
632 1403 658 1452 in
669 1402 763 1469 oppida
782 1405 827 1452 Ε·

73 1477 132 1540 quis,
148 1495 178 1529 ee
189 1479 332 1529 multitudo
348 1479 441 1549 dilapsa
454 1496 532 1545 quum
543 1481 648 1529 Antium
659 1479 767 1544 redisset,
783 1478 827 1531 sui

74 1549 156 1617 sponte
171 1557 228 1619 jam
237 1556 329 1607 infidos
341 1556 443 1605 colonos
454 1558 573 1607 Romanis
583 1556 743 1606 abalienavit.
762 1559 828 1605 Nee»

75 1624 130 1679 dum
139 1633 242 1681 maturi
253 1648 288 1696 re,
307 1646 384 1697 quum
398 1630 561 1682 desectionem
574 1632 657 1697 parari
673 1630 782 1682 delatum
793 1629 827 1682 au

76 1702 181 1757 senatum
202 1712 273 1772 esset,
301 1709 388 1759 datum
408 1709 538 1773 negotium
559 1709 592 1757 esi
614 1706 765 1771 consulibua,
787 1716 826 1771 ut,

75 1783 226 1853 principibus
238 1786 345 1836 coloniae
360 1788 465 1834 Romam
478 1784 573 1847 excitis,
590 1793 735 1850 quaterent,
752 1781 827 1847 quid·

75 1862 169 1909 namrei
181 1860 252 1911 esset.
260 1862 303 1927 qui
310 1876 387 1927 quum
394 1860 458 1909 haud
467 1857 700 1924 gravativenissent,
708 1856 825 1909 introdu-

76 1933 105 1982 ui
115 1942 130 1985 a
139 1938 286 1990 consulibus
298 1940 329 1989 ad
340 1938 451 1989 senatum
468 1938 503 1987 ira
513 1936 691 2003 responderunt
706 1933 738 1983 ad
749 1933 826 1982 inter·

75 2012 166 2079 rugata,
183 2028 215 2067 ut
226 2018 308 2081 magis
319 2015 429 2085 suspeiii,
441 2020 516 2080 quam
527 2022 656 2077 venerant,
672 2007 826 2061 uimineren·
854 2080 857 2083 ἢ

77 2098 121 2139 tur.
154 2095 254 2143 Bellum
268 2094 325 2143 inde
339 2092 405 2143 haud
420 2091 524 2141 dubium
538 2090 633 2139 haberi.
668 2093 709 2155 Sp.
727 2086 825 2152 rurin,

77 2167 200 2221 consulum
217 2170 289 2227 alter.
306 2172 347 2221 cui
365 2188 394 2220 ea
408 2168 540 2236 provincia
559 2175 683 2236 evenerat,
699 2162 825 2231 prosestue

77 2242 100 2293 in
111 2250 215 2314 AEquos,
228 2252 394 2299 Hernicorum
409 2248 435 2295 in
443 2260 505 2310 agro
516 2242 719 2312 populabundum
728 2240 825 2294 hostem

77 2320 185 2388 invenit3
202 2325 350 2391 ignarusque
364 2320 537 2389 multitudinis,
554 2323 613 2387 quia
628 2318 751 2384 nusquam
766 2318 825 2367 nni-

77 2403 143 2453 versa
154 2405 286 2473 conspesia
297 2404 385 2466 fuerat,
403 2402 524 2467 imparem
541 2399 621 2467 copiis
636 2396 775 2449 exercitum
785 2405 824 2443 te·

78 2487 141 2533 mere
151 2502 243 2552 pugnae
262 2482 393 2535 commisit.
428 2480 512 2529 Primo
523 2475 643 2528 concursu
658 2473 740 2542 puisun
755 2471 781 2522 se
796 2472 825 2523 in

78 2562 149 2613 nstra
159 2565 262 2630 recepit.
296 2575 378 2627 neque
393 2559 414 2609 is
431 2557 486 2608 finis
503 2555 606 2623 periculi
624 2552 682 2603 fuit.
715 2563 825 2615 namquo

78 2616 227 2705 &pioximn
241 2638 314 2691 noste
333 2638 359 2688 a
374 2636 471 2703 postero
484 2634 524 2684 die
543 2633 612 2684 tanta
630 2631 657 2680 vi
672 2630 747 2679 casira
767 2626 823 2678 sunt

79 2714 227 2769 circumsessa
249 2728 324 2783 atque
340 2722 491 2781 oppugnata,
507 2722 537 2760 ut
555 2725 587 2759 ne
602 2707 706 2757 nuncius
722 2704 824 2771 quidem

80 2792 133 2843 inde
147 2796 215 2845 mitti
232 2798 339 2843 Romam
358 2788 443 2858 posset.
477 2788 588 2849 Hernici,
606 2786 632 2834 &
646 2785 711 2835 male
726 2800 824 2851 pugna·
931 2791 935 2798 ¹

81 2878 139 2935 tum,
163 2873 189 2921 ἃ
209 2870 337 2922 consulem
352 2867 538 2930 exercitumque
558 2862 672 2925 obsideri,
686 2863 823 2911 nunciave-

82 2959 144 2997 runt.
161 2960 308 3014 tantumque
318 2956 438 2997 terrorem
449 2942 567 2994 incussere
578 2940 697 3002 Patribus,
712 2951 741 2990 ut
757 2942 825 3004 (quae

82 3021 158 3077 foruna
168 3020 369 3079 senatusconsulti
380 3020 474 3075 ultim
484 3018 579 3088 semper
596 3012 824 3139 neceffitat‘n'habg
