1992 3692
340 235 580 292 arnnav.
665 212 668 214 ’
777 239 899 310 ιυ-

59 325 284 392 mmumuone,
295 341 341 378 nee
352 325 401 378 suis
409 329 568 378 munimentis
576 339 659 378 arcere
667 326 731 392 vim,
746 342 776 378 ae
787 337 828 377 tu·

59 404 106 454 eri
120 402 152 452 se
161 404 195 453 ab
206 405 331 456 exteriore
341 416 457 472 poterant
465 406 544 458 note.
561 421 611 456 una
622 404 676 472 sper
687 416 748 471 erat,
765 404 783 455 fi
794 417 830 461 ex

60 472 218 543 majoribur
228 481 309 532 castris
320 479 501 545 subveniretur,
516 492 546 532 ut
553 479 656 532 diversa
665 481 784 546 legiones,
794 497 829 531 a·

59 557 109 608 liae
122 555 247 608 adversm
259 562 411 626 Capenatem
418 575 448 610 ac
462 559 592 624 Faliscum,
608 560 662 609 alla
675 570 763 610 contra
772 574 830 610 em·

59 635 192 701 ptionern
203 636 387 704 oppidanorum
398 645 545 704 pugnarent.
579 635 625 686 Sed
636 636 717 686 callais
724 643 830 705 praeerat

62 711 216 776 Virginius,
243 715 364 780 privatim
389 714 474 778 Sergio
493 711 589 763 inrisus
607 711 763 780 infestusque.
797 715 829 780 is,

61 803 154 854 quum
165 789 287 857 pleraque
298 791 392 840 castella
403 801 557 858 oppugnata,
575 787 697 858 superatas
707 792 829 845 munitio·

63 883 124 930 nes,
144 869 265 934 utrinque
280 869 367 920 invehi
375 869 468 919 hoslem
476 869 643 934 nunciaretur,
659 869 770 920 inarmis
778 871 828 920 mi·

63 944 129 996 lites
142 948 242 996 tenuit:
261 947 280 996 sr
297 961 361 1014 opus
378 945 443 996 soret
458 947 564 1010 auxilio,
580 945 700 1013 collegam
713 947 829 1003 diliitana

62 1021 100 1072 ad
111 1022 140 1072 se
151 1024 293 1076 missurum.
319 1024 400 1087 Hujus
411 1027 578 1090 arrogantiam
585 1027 720 1092 pertinacia
729 1027 831 1077 alteriue

62 1100 206 1164 aquabat5
224 1102 277 1166 qui,
286 1116 398 1168 nequam
407 1113 481 1178 opem
491 1102 524 1151 ab
532 1102 635 1154 inimico
644 1101 772 1154 videretur
783 1117 829 1169 pe·

63 1177 135 1240 risse,
153 1178 225 1228 vinci
235 1180 267 1228 ab
278 1177 355 1243 holle,
372 1185 446 1244 quam
455 1180 556 1230 vincere
567 1195 611 1248 per
620 1181 713 1245 civem,
728 1181 828 1232 maluit.

65 1257 126 1306 Diu
137 1257 168 1307 in
184 1255 271 1306 medio
283 1256 334 1306 cau
345 1256 434 1306 milites
441 1275 448 1317 ;
466 1258 596 1324 postremi,
614 1258 713 1308 desertis
724 1259 829 1310 muniti·

64 1333 175 1396 onibus,
193 1335 313 1402 perpauci
326 1335 353 1384 in
363 1334 461 1397 majora
471 1335 555 1400 castra,
573 1350 627 1403 pars
635 1338 746 1386 maxima
753 1347 830 1402 atque

66 1409 127 1476 ipsc
143 1414 243 1474 Sergius
260 1415 366 1464 Romam
381 1411 566 1478 pertenderunt.
583 1413 627 1462 ubi
638 1428 715 1478 quum
726 1428 829 1466 omnem

67 1487 177 1554 culpam
185 1488 213 1536 in
220 1487 342 1552 collegam
354 1487 492 1552 inclinaret,
508 1489 583 1554 acciri
591 1490 733 1554 virginium
741 1504 775 1540 ex
786 1506 829 1541 ca-

68 1564 135 1628 llria,
153 1565 250 1614 interea
268 1555 366 1632 praeesse
382 1565 476 1628 legatos
490 1565 593 1634 placuit.
628 1565 690 1617 ntra
700 1567 789 1626 deinde
800 1569 829 1622 itt
873 1560 876 1569 '

69 1639 162 1690 senatu
172 1655 214 1690 res
227 1640 269 1704 est,
287 1650 457 1707 certatimque
476 1642 542 1694 inter
557 1642 663 1706 collegas
681 1641 829 1694 maleditlis.

70 1716 148 1780 pauci
159 1715 313 1782 reipublicae,
330 1716 387 1766 huic
404 1727 479 1784 atque
498 1717 542 1784 illi,
559 1726 588 1766 ut
599 1717 709 1784 quosque
720 1717 828 1769 studium

71 1793 194 1862 privatim
206 1803 252 1842 aut
263 1791 342 1856 gratia
354 1791 550 1860 occupaverunt,
568 1792 665 1843 adsunt.

106 1872 155 1918 IX.
174 1870 301 1918 Primores
317 1871 426 1932 Petrum,
451 1869 502 1920 sive
521 1869 593 1936 culpi
611 1868 663 1918 five
682 1867 828 1918 infelicitate
884 1879 887 1885 '

71 1946 257 2013 imperatorum
265 1955 317 1996 tam
325 1945 490 2008 ignominiosa
500 1946 578 1996 clades
586 1955 688 2014 accepta
696 1949 763 2009 esset,
772 1961 829 1996 cen·

72 2023 150 2088 suere,
168 2017 393 2089 Noaexspetraaedum
398 2023 482 2088 quiam
490 2033 574 2090 tempus
582 2023 724 2086 cantiorum,
734 2022 776 2088 sed
788 2038 828 2074 er·

72 2102 151 2167 tmrplc
160 2113 232 2151 novos
242 2099 337 2150 sudarat
348 2101 440 2150 militum
451 2102 550 2150 creandos
564 2101 611 2170 ff,
627 2102 663 2168 qai
675 2101 781 2152 Kalendis
795 2104 827 2152 0·

71 2172 176 2228 duetus
185 2177 337 2244 magistralem
344 2178 741 2244 occiperenr.10qunmseutentiam
747 2195 827 2246 quum

74 2256 179 2320 pedibus
191 2256 279 2317 inetur,
296 2255 368 2304 ceteri
378 2254 470 2304 tribuni
482 2254 590 2305 militum
596 2256 660 2306 nihil
671 2257 828 2308 contradice-

74 2345 108 2380 re.
125 2341 153 2381 at
171 2331 306 2380 enimww
323 2330 419 2390 sergius
438 2329 623 2396 Virginiusque,
640 2343 743 2399 propter
761 2346 827 2398 quoa

75 2408 198 2472 prenitere
213 2403 400 2469 magistratuum
417 2404 469 2468 ejus
485 2406 545 2455 anni
556 2405 668 2458 senatum
681 2407 826 2474 apparebat,

75 2483 155 2548 primo
166 2480 296 2547 deprecari
307 2480 478 2546 ignominiam,
495 2481 583 2532 deiude
595 2482 743 2532 intercedere
754 2483 826 2534 sena·

74 2557 247 2610 tusconsulto:
265 2572 363 2622 negare,
381 2557 475 2608 stante
491 2559 550 2610 Idus
567 2559 727 2623 Decembres,
743 2558 825 2610 solen-

76 2649 131 2686 nem
139 2632 256 2684 ineundis
265 2633 444 2698 magistratibus
455 2635 530 2699 diem,
542 2635 637 2686 honore
647 2634 758 2685 abituros
766 2634 824 2691 esse.

76 2713 142 2763 Inter
153 2713 208 2762 hac
216 2711 312 2762 tribuni
320 2711 406 2779 plebis,
423 2727 501 2778 quum
511 2713 539 2763 in
548 2712 682 2764 concordia
692 2713 824 2773 hominum
913 2751 918 2754 -

76 2787 237 2861 secundisque
253 2786 327 2838 rebus
341 2789 449 2838 civitatis
466 2790 542 2839 inviti
552 2789 673 2840 fileutium
684 2792 823 2860 tenuissent,
906 2788 909 2797 '

77 2863 169 2916 {uocet
180 2867 282 2930 repente
293 2865 382 2916 utimri
393 2865 497 2916 tribunis
508 2866 623 2929 militium,
639 2867 684 2917 nifi
694 2869 720 2918 in
736 2869 823 2920 audio-

77 2941 148 2992 ritate
159 2940 259 2992 senatus
269 2940 353 3004 essent,
370 2941 394 2990 se
405 2944 430 2992 in
443 2944 595 2994 vinculatos
606 2945 663 2995 duci
671 2943 776 3008 jussuros
784 2943 824 2996 es-

78 3015 111 3074 se.
144 3019 219 3074 'rum
229 3014 392 3078 &servitus
402 3019 482 3072 Ahala
493 3021 606 3079 tribunus
614 3019 826 3147 ωἰῑὶαιωεχὶῂἆ
