1992 3692
146 235 183 282 30
409 228 444 276 T
479 229 636 280 LIVII

145 309 182 358 lus
193 323 348 378 nequaquam
359 329 411 381 par,
429 314 460 364 fic
471 316 589 368 adversus
605 319 713 384 fingulos
726 321 896 390 ser01.ergn,

145 397 175 436 ut
187 387 322 454 segregaret
333 407 442 458 pugnam
453 408 549 460 eorum,
566 398 664 463 oapeffit
673 398 766 464 sugam,
785 402 821 450 ita
830 415 897 456 ratus

146 462 279 528 secuturos,
303 477 332 514 ut
351 483 473 535 quemque
491 471 593 521 vulnere
602 471 715 523 affetum
732 491 824 542 corpus
836 477 896 528 line.

143 554 193 594 tet
227 546 282 606 Jam
294 544 447 610 aliquantum
458 547 530 614 spatii
541 563 573 598 ex
583 565 614 598 eo
625 549 690 613 loeo,
701 551 745 600 ubl
755 563 895 618 pugnattun

145 619 188 682 esl,
199 618 335 684 aufugerat,
352 638 429 688 quum
441 623 570 692 respiciens
579 626 647 676 videt
657 629 752 692 magnis
759 629 842 678 interr
835 630 897 678 allis

144 695 285 762 sequentes:
303 714 380 748 unum
392 701 456 752 haud
473 703 561 768 procul
574 703 607 752 ab
617 702 666 752 sese
676 702 763 754 abesse
790 704 817 754 ln
837 721 896 755 eum

144 789 238 837 magno
249 773 344 842 impetu
355 777 434 828 rediit.
453 779 493 841 Et,
501 779 560 829 dum
569 780 677 830 Albanus
687 781 810 830 exercinrs
817 781 896 831 inela-

142 861 197 900 mat
209 853 331 916 Curiatiis,
343 855 379 902 uti
388 870 463 922 opem
473 853 554 904 serant
563 854 660 918 fratris
650 870 702 916 jam
713 855 841 920 Horatius,
849 872 895 906 eae·

144 927 173 978 so
182 930 248 980 holle
257 931 344 995 vietor,
354 931 484 981 secundam
495 949 605 1000 pugnarn
613 932 720 999 petebat.
738 943 792 982 tum
801 894 895 984 elimo·

143 1021 180 1071 se,
193 1009 270 1073 qualis
284 1025 317 1058 ex
330 969 452 1076 iirsperato
466 1010 604 1062 faventium
621 1012 698 1075 solet,
703 1012 811 1060 Romani
821 1011 894 1075 adju·

143 1093 208 1130 rant
228 1083 333 1134 militena
349 1082 436 1134 suum:
455 1085 480 1135 8<
501 1085 543 1134 ille
564 1084 665 1148 defungi
681 1084 767 1151 proelio
786 1083 895 1137 selliuat.

141 1157 234 1212 Prius'
227 1171 318 1226 itaque,
328 1167 402 1226 quam
416 1161 477 1212 alter
477 1163 538 1228 ,qui
549 1178 594 1212 nee
602 1163 688 1228 procul
698 1161 790 1224 aberat,
807 1160 894 1212 eonse-

144 1236 189 1300 qui
208 1233 293 1301 pollet,
313 1235 454 1286 &alterum
473 1236 610 1286 Curiatium
630 1236 738 1285 conficit.
778 1238 895 1301 Jamque,

143 1325 243 1378 aequato
255 1316 345 1376 Marte,
357 1313 442 1378 singuli
453 1311 608 1380 supererant;
626 1311 666 1362 sed
682 1329 727 1362 nee
738 1310 789 1379 spe,
801 1329 845 1362 uec
857 1313 897 1361 vi·

144 1391 213 1441 ribus
229 1405 308 1458 pares.
339 1391 451 1454 alterum,
468 1390 586 1440 intastum
597 1389 663 1439 serro
678 1405 766 1456 eorpus
778 1390 803 1440 dt
814 1389 895 1453 gemi-

143 1477 202 1516 nata
213 1465 325 1530 vifloria,
337 1463 445 1518 seroeem
457 1468 482 1515 in
494 1477 617 1516 certamen
628 1466 727 1514 tertium
737 1463 829 1514 dabant
839 1482 846 1512 ε
858 1463 895 1512 al-

145 1541 283 1607 ter,selsunr
292 1543 402 1605 vulnere,
411 1541 496 1592 sessum
509 1542 580 1593 cursu
591 1543 687 1591 trahens
697 1557 793 1609 eorpus,
803 1538 896 1591 vinus-

144 1637 193 1686 que
203 1620 308 1670 fratrum
318 1629 374 1670 ante
389 1619 412 1670 se
423 1621 509 1685 llrage,
526 1619 615 1670 vislori
626 1617 825 1683 objieinrrlhosli.
848 1631 897 1667 nee

144 1698 205 1750 illud
213 1699 327 1766 proeliutn
337 1696 393 1748 suit
428 1701 554 1746 Romanus
566 1695 697 1759 exsultans,
714 1697 786 1760 Duos,
802 1695 897 1762 inquit,

138 1779 242 1846 fratrum
253 1777 362 1826 Manibus
373 1775 439 1826 dedi:
458 1775 546 1824 tertium
562 1777 626 1839 caasa
643 1773 691 1822 belli
708 1773 799 1838 dujresce,
815 1774 896 1823 utilo-

143 1871 220 1906 manus
231 1853 316 1906 Albano
335 1856 435 1924 imperet,
449 1843 509 1903 daho
542 1852 610 1902 Male
629 1849 831 1902 sullinentiarrna
841 1852 897 1916 gla-

139 1931 214 1982 dium
225 1931 326 2000 superne
335 1932 422 1996 jugulo
434 1930 535 1994 defigit:
545 1930 668 1992 jacentem
680 1928 776 1996 spoliat
799 1932 895 1980 Roma·

138 2011 172 2074 ui
188 2019 291 2064 orantes
302 2025 330 2060 ac
342 2009 489 2080 gratulantes
500 2008 632 2061 Horatium
642 2006 782 2076 accipiunt:
800 2024 896 2058 eoma-

140 2089 198 2158 jore
207 2103 264 2138 eum
274 2089 374 2154 gaudio,
390 2105 442 2156 quo
452 2105 530 2156 prope
540 2100 635 2139 metum
645 2103 683 2138 res
693 2085 781 2136 suerat.
805 2085 847 2135 Ad
858 2085 896 2136 se·

143 2165 269 2234 pulnuanr
285 2166 342 2216 inde
353 2167 453 2217 suorum
463 2183 618 2233 nequaquam
630 2167 728 2234 paribus
741 2164 829 2214 animis
840 2180 898 2216 ver·

143 2253 245 2302 tuntur;
263 2244 354 2310 quippe
362 2245 468 2311 irnperio
479 2243 549 2294 alteri
564 2243 636 2307 aussi,
646 2244 715 2293 alteri
723 2242 823 2292 ditionis
834 2241 895 2291 alie-

138 2319 182 2371 ri:
190 2319 256 2371 susli.
291 2323 420 2388 Sepulchra
431 2323 534 2385 exstant,
552 2337 602 2386 quo
614 2320 716 2385 quisque
726 2320 783 2368 loeo
794 2318 896 2370 cecidit.

144 2398 196 2450 duo
205 2400 318 2450 Romana
328 2414 379 2450 uno
389 2399 447 2448 loco
455 2399 558 2466 propius
565 2398 663 2459 Albam,
675 2397 721 2446 tria
730 2395 828 2444 Albana
839 2397 894 2455 llo·

144 2491 211 2528 mam
223 2475 323 2538 versus;
339 2475 379 2526 sed
391 2476 502 2526 distantia
510 2476 579 2536 loeis,
596 2475 622 2524 da
633 2484 661 2522 ut
672 2484 810 2539 pugnaturn
821 2471 864 2520 est.

177 2556 281 2602 XXVI.
299 2549 442 2617 Priusquam
453 2551 509 2602 inde
519 2549 710 2616 digrederentur,
718 2548 817 2613 roganti
825 2550 894 2597 Met·

143 2641 180 2694 to,
197 2645 229 2680 ex
240 2629 331 2680 sordere
341 2629 390 2680 teto
401 2629 460 2694 quid
471 2630 611 2696 imperaret,
627 2627 733 2692 imperat
745 2625 843 2686 Tullus,
854 2625 894 2674 uti

139 2709 299 2773 juventutem
315 2708 342 2756 in
355 2709 428 2756 armis
440 2707 542 2756 habeat:
560 2705 661 2756 usurum
672 2703 697 2754 se
706 2715 795 2754 eorum
809 2701 895 2768 opere,

142 2784 263 2836 libellum
277 2801 334 2836 curn
346 2785 491 2850 Vejentibus
505 2784 579 2832 soret.
597 2784 632 2831 ita
643 2783 765 2833 exercitus
776 2778 833 2828 inde
849 2778 895 2829 do·

141 2875 197 2912 mos
208 2859 315 2910 abdunt.
349 2863 462 2928 Princeps
472 2861 589 2910 Horatius
600 2860 661 2922 ibat,
672 2857 804 2921 trigemina
815 2854 895 2922 spolia

141 2953 193 3006 prae
203 2935 228 2985 se
245 2949 343 3001 gerens:
360 2940 401 2989 eui
412 2938 481 2988 soror
491 2938 574 3000 virgo,
591 2953 645 3002 quae
663 2932 782 3000 desponsa
798 2933 843 2981 uni
861 2944 896 2982 ex

141 3017 257 3071 Curiatiis
264 3017 352 3084 fuerat,
362 3016 439 3069 obvia
449 3025 506 3067 ante
515 3025 615 3084 portam
622 3017 747 3081 Capenam
755 3010 818 3097 suit:
831 3024 893 3079 eog-

787 3096 895 3154 ustoque
