1992 3692
167 269 202 318 ²4
427 259 463 308 T.
498 255 661 309 L1v11’

166 345 215 394 sitis
229 339 388 396 exiernorum
407 337 572 414 'periculorum
591 349 664 412 curis,
681 363 712 398 ne
728 347 922 404 luxuriarentur

166 425 220 474 otio
229 425 313 487 animi,
331 439 392 490 quos
404 435 482 472 metus
499 425 603 473 hostium
615 425 791 491 disciplinaque
802 427 924 479 militarie

166 503 334 560 continuerat3
351 501 464 550 omnium
476 501 593 565 primum,
611 517 662 549 rem
679 502 709 550 ad
728 502 919 554 multitudinem

165 573 314 644 imperitam,
332 578 357 625 dc
371 577 417 625 illis
428 575 513 626 seculis
524 577 618 640 rudem,
635 579 829 644 efficacissimam,
844 585 920 632 Deo·

165 667 220 704 rum
232 663 325 703 metum
336 653 495 718 injiciendum
508 666 575 704 ratus
591 654 632 703 esi.
667 656 710 721 qui
726 671 804 721 quum
815 657 919 707 descen-

164 731 222 780 dere
232 732 262 779 ad
271 732 365 780 animos
375 730 423 780 tine
433 731 517 796 aliquo
524 741 666 784 commento
674 732 785 780 miraculi
794 747 847 782 non
858 733 922 800 pos*

164 806 208 868 set,
225 805 320 855 simulat
331 807 375 855 fibi
386 821 443 856 cum
454 811 508 856 Dea
519 808 608 871 Egeria
627 805 764 870 congressus
780 807 924 859 nostrumne

164 881 224 931 esse:
248 884 299 946 ejus
316 884 340 931 se
352 885 456 947 monitu,
474 897 529 948 quae
539 883 701 950 acceptiffima
712 883 766 931 Diis
774 881 861 948 essent,
878 887 919 934 sa-

163 974 205 1008 ura
216 960 351 1020 inllitucre;
375 959 510 1009 sacerdotes
528 959 585 1008 suos
598 960 687 1024 cuique
701 962 812 1008 Deorum
832 961 920 1026 praefi--

163 1052 227 1086 cere.
264 1043 346 1102 Atque
357 1038 469 1085 omnium
481 1037 597 1102 primum,
609 1037 639 1086 ad
649 1036 823 1100 cursumltirtae,
836 1039 862 1086 iu
871 1038 918 1087 dua

163 1115 260 1164 oderim
279 1113 372 1163 menses
387 1113 501 1162 describit
509 1127 610 1162 annum.
639 1127 712 1178 quem
724 1114 792 1178 (quia
805 1115 921 1164 tricenos

162 1191 213 1240 dies
228 1192 324 1256 singulis
334 1189 453 1240 mensibus
465 1191 523 1238 luna
542 1205 593 1238 non
605 1191 697 1255 explet,
714 1189 849 1254 desuntque
860 1191 914 1240 dies

107 1272 111 1280 '
162 1267 241 1318 solido
253 1285 325 1331 anno,
338 1268 379 1332 qui
392 1263 507 1316 solstitiali
518 1267 692 1328 circumagitur
700 1265 771 1329 orbe)
782 1266 913 1315 intercala-

161 1343 232 1392 n'bus
243 1342 363 1391 mentibus
375 1341 566 1408 interponendis,
583 1342 617 1389 ita
628 1334 785 1407 dispensavit,
797 1352 827 1389 ut
837 1357 913 1406 quar-

162 1427 189 1467 to
202 1419 226 1466 dr
239 1415 358 1479 vigesimo
369 1431 434 1464 anno
448 1416 479 1464 ad
491 1426 583 1463 metam
597 1415 699 1464 candem
707 1415 771 1478 solis,
785 1415 851 1464 uode
862 1417 912 1466 orti

161 1491 243 1554 essent,
263 1492 339 1556 plenis
350 1505 471 1540 annorum
488 1492 601 1539 omniurn
617 1490 708 1557 spatiis,
724 1490 777 1539 dien
788 1505 912 1554 congrue·

19 1625 21 1634 ,
121 1587 126 1594 r
161 1579 223 1618 rent.
255 1565 323 1616 Idem
335 1567 437 1616 nefastos
448 1566 500 1616 dies
509 1567 629 1632 fastosque
640 1568 713 1617 secat
730 1569 789 1634 quia
798 1567 912 1658 :liquans

160 1644 194 1696 du
205 1645 267 1692 nihil
278 1661 335 1694 cum
346 1645 440 1710 populo
457 1661 496 1709 agr
489 1647 568 1694 utile
579 1646 691 1696 futurum
701 1657 761 1696 erat

193 1727 252 1772 XX.
272 1725 341 1771 Tum
360 1721 525 1772 sacerdotibus
543 1724 653 1774 creandis
674 1726 783 1774 animum
802 1723 905 1798 adjecit

160 1813 300 1864 quanquam
312 1797 361 1864 lpse
373 1796 477 1863 plurima
488 1797 565 1847 sacra
574 1800 676 1860 obibam
692 1815 720 1848 ea
731 1800 839 1848 maxime
850 1815 909 1864 quae

53 1869 55 1876 ¹
159 1893 224 1928 nunc
236 1877 266 1926 ad
279 1876 375 1925 Dialem
386 1877 511 1926 flmumem
522 1879 652 1942 pertinent
695 1877 739 1926 sed
740 1877 815 1943 ,quia
829 1876 854 1923 in
870 1878 906 1925 ci-

158 1957 237 2005 vitate
249 1953 362 2002 bellicosa
372 1954 450 2019 plures
460 1955 570 2018 Romuli,
580 1960 654 2019 quam
663 1955 758 2014 Numae,
769 1952 855 2000 similes
866 1969 907 2002 re·

157 2046 199 2096 ger
212 2031 313 2096 putabat
320 2029 381 2091 sore,
399 2030 524 2094 iturosqrre
535 2030 600 2098 ipson
609 2030 640 2079 ad
651 2030 727 2088 bellam
744 2043 774 2078 ne
788 2027 854 2077 sacra
866 2044 905 2079 re-

157 2108 204 2170 giae
215 2107 277 2155 vicis
286 2105 456 2169 desererentur,
466 2108 591 2156 flaminem
600 2108 660 2171 Jovi
668 2105 785 2156 assiduum
792 2101 906 2156 sacerdo·

156 2192 208 2231 tem
219 2182 320 2243 creavir,
344 2181 477 2246 insignique
488 2198 547 2232 eum
557 2183 625 2232 vesle
640 2184 666 2233 dr
681 2182 759 2232 mituli
770 2182 837 2246 regia
847 2180 906 2232 sella

155 2258 295 2308 adornavit.
319 2258 377 2306 huic
393 2258 454 2307 duos
471 2257 581 2307 flamines
596 2258 697 2321 adjecit:
720 2259 797 2308 Marti
815 2265 906 2322 unum,

46 2397 52 2402 Ὁ
155 2337 259 2386 alterum
269 2335 384 2398 Quirino.
420 2335 677 2400 virginesque-Veste
686 2336 755 2399 legit,
774 2335 838 2384 iuba
853 2337 905 2384 ori-

157 2414 251 2464 undum
263 2411 432 2473 sacerdotium,
450 2413 475 2462 8c
487 2414 555 2476 genti
566 2405 700 2462 conditoria
711 2412 778 2464 haud
786 2412 905 2462 alienum.

156 2493 203 2553 his,
214 2502 242 2540 ut
253 2489 347 2540 affiduae
356 2489 441 2554 templi
452 2489 569 2538 antistites
576 2487 657 2552 essent,
669 2489 813 2555 stipendium
821 2487 851 2536 de
860 2503 907 2555 pu·

103 2611 105 2618 ,
156 2565 223 2612 blico
237 2563 318 2612 stantit
326 2580 332 2610 ι
340 2561 492 2625 ‘virginitate
504 2563 607 2627 aliisque
620 2564 763 2612 ceremoniis
773 2562 903 2611 venerabi·

154 2637 190 2688 ies
201 2654 230 2686 ac
241 2637 331 2686 santiae
342 2636 409 2686 secit.
430 2638 506 2687 Salios
516 2640 576 2686 item
586 2636 717 2686 duodecim
727 2635 804 2684 Marti
812 2636 904 2685 Gradi-

155 2731 192 2765 vo
203 2715 268 2778 legit,
276 2717 411 2779 tunicaque
419 2713 489 2782 pitia
497 2715 589 2780 indigue
596 2713 670 2777 dedit,
680 2714 707 2763 dc
715 2714 788 2778 super
794 2713 904 2762 mnicam

152 2806 249 2843 aetteum
258 2791 349 2859 peiiori
360 2801 489 2856 tegumen:
507 2793 803 2856 coeksliaquemmaquae
812 2791 914 2840 annila.

153 2869 312 2938 appellantur,
332 2869 409 2931 serre3
425 2887 453 2920 ac
470 2887 515 2938 per
524 2872 609 2920 urbem
620 2871 656 2919 ire
669 2877 783 2919 canentes
792 2869 902 2916 carmina

46 3003 49 3011 ,
135 2943 139 2947 ’
154 2961 213 2997 cum
224 2945 334 3014 tripudiis
343 2945 484 3013 solennique
493 2948 578 2997 saltatu
592 2944 666 3008 justit.
701 2942 848 2993 Pontificem
858 2944 901 2992 de·

149 3025 569 3093 ‚inchumamMarciumMarei
577 3019 910 3104 flitmuexratribunlegitu.
986 3020 987 3027 ’

826 3105 899 3160 etque
943 3121 949 3126 -
