<?xml version="1.0" encoding="UTF-8"?>
<!DOCTYPE html PUBLIC "-//W3C//DTD XHTML 1.0 Transitional//EN"
    "http://www.w3.org/TR/xhtml1/DTD/xhtml1-transitional.dtd">
<html xmlns="http://www.w3.org/1999/xhtml" xml:lang="en" lang="en">
 <head>
  <title>
</title>
<meta http-equiv="Content-Type" content="text/html;charset=utf-8" />
  <meta name='ocr-system' content='tesseract 3.04.00' />
  <meta name='ocr-capabilities' content='ocr_page ocr_carea ocr_par ocr_line ocrx_word'/>
</head>
<body>
  <div class='ocr_page' id='page_1' title='image "./titiliviipatavi00ruddgoog_0367.png"; bbox 0 0 1992 3692; ppageno 0'>
   <div class='ocr_carea' id='block_1_1' title="bbox 351 227 915 300">
    <p class='ocr_par' dir='ltr' id='par_1_1' title="bbox 351 227 915 300">
     <span class='ocr_line' id='line_1_1' title="bbox 351 227 915 300; baseline 0 -11"><span class='ocrx_word' id='word_1_1' title='bbox 351 227 602 290; x_wconf 65' lang='lat' dir='ltr'>LIBER&#39;vl.</span> <span class='ocrx_word' id='word_1_2' title='bbox 803 250 853 300; x_wconf 74' lang='lat'>345</span> <span class='ocrx_word' id='word_1_3' title='bbox 911 232 915 238; x_wconf 75' lang='grc'><strong>”</strong></span> 
     </span>
    </p>
   </div>
   <div class='ocr_carea' id='block_1_2' title="bbox 95 318 926 2097">
    <p class='ocr_par' dir='ltr' id='par_1_2' title="bbox 95 318 926 2097">
     <span class='ocr_line' id='line_1_2' title="bbox 97 318 858 413; baseline 0.004 -41"><span class='ocrx_word' id='word_1_4' title='bbox 97 318 248 373; x_wconf 76' lang='lat' dir='ltr'>defideriurn</span> <span class='ocrx_word' id='word_1_5' title='bbox 262 322 333 391; x_wconf 76' lang='lat' dir='ltr'>usus)</span> <span class='ocrx_word' id='word_1_6' title='bbox 350 324 520 376; x_wconf 77' lang='lat' dir='ltr'>sessinantibus</span> <span class='ocrx_word' id='word_1_7' title='bbox 535 325 568 376; x_wconf 83' lang='lat' dir='ltr'>ad</span> <span class='ocrx_word' id='word_1_8' title='bbox 585 323 699 377; x_wconf 76' lang='lat' dir='ltr'>effeslum</span> <span class='ocrx_word' id='word_1_9' title='bbox 709 324 801 413; x_wconf 85' lang='lat' dir='ltr'>operis</span> <span class='ocrx_word' id='word_1_10' title='bbox 818 325 858 375; x_wconf 86' lang='lat' dir='ltr'>in·</span> 
     </span>
     <span class='ocr_line' id='line_1_3' title="bbox 97 398 856 467; baseline 0.003 -18"><span class='ocrx_word' id='word_1_11' title='bbox 97 410 188 467; x_wconf 86' lang='lat' dir='ltr'>traque</span> <span class='ocrx_word' id='word_1_12' title='bbox 199 418 294 453; x_wconf 87' lang='lat' dir='ltr'>annum</span> <span class='ocrx_word' id='word_1_13' title='bbox 311 418 381 453; x_wconf 79' lang='lat' dir='ltr'>nova</span> <span class='ocrx_word' id='word_1_14' title='bbox 392 404 451 454; x_wconf 85' lang='lat' dir='ltr'>urbs</span> <span class='ocrx_word' id='word_1_15' title='bbox 467 404 541 453; x_wconf 82' lang='lat' dir='ltr'>stetit.</span> <span class='ocrx_word' id='word_1_16' title='bbox 576 405 655 455; x_wconf 84' lang='lat' dir='ltr'><strong>Exitu</strong></span> <span class='ocrx_word' id='word_1_17' title='bbox 674 404 734 453; x_wconf 86' lang='lat' dir='ltr'>anni</span> <span class='ocrx_word' id='word_1_18' title='bbox 752 398 856 452; x_wconf 78' lang='lat' dir='ltr'>comitia</span> 
     </span>
     <span class='ocr_line' id='line_1_4' title="bbox 96 477 926 547; baseline 0 -20"><span class='ocrx_word' id='word_1_19' title='bbox 96 478 259 529; x_wconf 80' lang='lat' dir='ltr'>tribunorum</span> <span class='ocrx_word' id='word_1_20' title='bbox 269 480 378 533; x_wconf 86' lang='lat' dir='ltr'>militum</span> <span class='ocrx_word' id='word_1_21' title='bbox 389 479 513 533; x_wconf 84' lang='lat' dir='ltr'>consulari</span> <span class='ocrx_word' id='word_1_22' title='bbox 523 481 643 547; x_wconf 81' lang='lat' dir='ltr'>potestate</span> <span class='ocrx_word' id='word_1_23' title='bbox 659 482 754 531; x_wconf 85' lang='lat' dir='ltr'>habita.</span> <span class='ocrx_word' id='word_1_24' title='bbox 778 477 857 529; x_wconf 84' lang='lat' dir='ltr'>creati</span> <span class='ocrx_word' id='word_1_25' title='bbox 923 492 926 497; x_wconf 92' lang='lat'>·</span> 
     </span>
     <span class='ocr_line' id='line_1_5' title="bbox 98 556 855 623; baseline 0.003 -20"><span class='ocrx_word' id='word_1_26' title='bbox 98 556 139 604; x_wconf 89' lang='lat' dir='ltr'>T.</span> <span class='ocrx_word' id='word_1_27' title='bbox 151 558 283 621; x_wconf 74' lang='lat' dir='ltr'>Quinclius</span> <span class='ocrx_word' id='word_1_28' title='bbox 296 560 466 623; x_wconf 82' lang='lat' dir='ltr'>Cincinnatus,</span> <span class='ocrx_word' id='word_1_29' title='bbox 487 563 522 623; x_wconf 79' lang='lat' dir='ltr'>Q.</span> <span class='ocrx_word' id='word_1_30' title='bbox 538 561 655 609; x_wconf 75' lang='lat' dir='ltr'>Servilius</span> <span class='ocrx_word' id='word_1_31' title='bbox 668 558 772 608; x_wconf 75' lang='lat' dir='ltr'>Fidenas</span> <span class='ocrx_word' id='word_1_32' title='bbox 781 556 855 621; x_wconf 90' lang='lat' dir='ltr'>quin·</span> 
     </span>
     <span class='ocr_line' id='line_1_6' title="bbox 97 634 905 703; baseline 0 -18"><span class='ocrx_word' id='word_1_33' title='bbox 97 637 164 697; x_wconf 70' lang='lat' dir='ltr'>olm,</span> <span class='ocrx_word' id='word_1_34' title='bbox 174 635 207 684; x_wconf 85' lang='lat' dir='ltr'>L.</span> <span class='ocrx_word' id='word_1_35' title='bbox 216 637 298 701; x_wconf 71' lang='lat' dir='ltr'>Julitu</span> <span class='ocrx_word' id='word_1_36' title='bbox 306 637 386 703; x_wconf 85' lang='lat' dir='ltr'>Julus,</span> <span class='ocrx_word' id='word_1_37' title='bbox 395 640 427 689; x_wconf 85' lang='lat' dir='ltr'>L.</span> <span class='ocrx_word' id='word_1_38' title='bbox 443 638 565 703; x_wconf 81' lang='lat' dir='ltr'>Aquillius</span> <span class='ocrx_word' id='word_1_39' title='bbox 580 641 686 701; x_wconf 84' lang='lat' dir='ltr'>Corvus,</span> <span class='ocrx_word' id='word_1_40' title='bbox 697 639 728 687; x_wconf 86' lang='lat' dir='ltr'>L.</span> <span class='ocrx_word' id='word_1_41' title='bbox 739 634 855 686; x_wconf 86' lang='lat' dir='ltr'>Lucreti·</span> <span class='ocrx_word' id='word_1_42' title='bbox 901 692 905 695; x_wconf 50' lang='grc'><strong>,</strong></span> 
     </span>
     <span class='ocr_line' id='line_1_7' title="bbox 95 710 855 783; baseline 0 -22"><span class='ocrx_word' id='word_1_43' title='bbox 95 724 128 761; x_wconf 90' lang='lat' dir='ltr'>us</span> <span class='ocrx_word' id='word_1_44' title='bbox 142 714 320 783; x_wconf 84' lang='lat' dir='ltr'>Tricipitinus,</span> <span class='ocrx_word' id='word_1_45' title='bbox 338 720 388 765; x_wconf 84' lang='lat' dir='ltr'>Ser.</span> <span class='ocrx_word' id='word_1_46' title='bbox 405 714 526 782; x_wconf 79' lang='lat' dir='ltr'>Sulpicius</span> <span class='ocrx_word' id='word_1_47' title='bbox 537 714 626 765; x_wconf 81' lang='lat' dir='ltr'>Rufus.</span> <span class='ocrx_word' id='word_1_48' title='bbox 660 714 807 766; x_wconf 81' lang='lat' dir='ltr'>Exercitum</span> <span class='ocrx_word' id='word_1_49' title='bbox 818 710 855 762; x_wconf 83' lang='lat' dir='ltr'>al·</span> 
     </span>
     <span class='ocr_line' id='line_1_8' title="bbox 97 788 856 857; baseline 0.001 -20"><span class='ocrx_word' id='word_1_50' title='bbox 97 800 182 839; x_wconf 86' lang='lat' dir='ltr'>terum</span> <span class='ocrx_word' id='word_1_51' title='bbox 203 791 229 840; x_wconf 88' lang='lat' dir='ltr'>in</span> <span class='ocrx_word' id='word_1_52' title='bbox 248 789 352 857; x_wconf 82' lang='lat' dir='ltr'>AEquos&#39;,</span> <span class='ocrx_word' id='word_1_53' title='bbox 368 806 421 843; x_wconf 88' lang='lat' dir='ltr'>non</span> <span class='ocrx_word' id='word_1_54' title='bbox 437 790 469 841; x_wconf 84' lang='lat' dir='ltr'>ad</span> <span class='ocrx_word' id='word_1_55' title='bbox 485 791 586 855; x_wconf 76' lang='lat' dir='ltr'>bellurn,</span> <span class='ocrx_word' id='word_1_56' title='bbox 604 790 694 854; x_wconf 71' lang='lat' dir='ltr'>(victos</span> <span class='ocrx_word' id='word_1_57' title='bbox 708 805 815 856; x_wconf 86' lang='lat' dir='ltr'>namque</span> <span class='ocrx_word' id='word_1_58' title='bbox 829 788 856 838; x_wconf 88' lang='lat' dir='ltr'>se</span> 
     </span>
     <span class='ocr_line' id='line_1_9' title="bbox 95 864 857 936; baseline 0.004 -20"><span class='ocrx_word' id='word_1_59' title='bbox 95 865 253 934; x_wconf 71' lang='lat' dir='ltr'>fatebantur)</span> <span class='ocrx_word' id='word_1_60' title='bbox 270 867 311 918; x_wconf 88' lang='lat' dir='ltr'>sed</span> <span class='ocrx_word' id='word_1_61' title='bbox 322 868 354 919; x_wconf 84' lang='lat' dir='ltr'>ab</span> <span class='ocrx_word' id='word_1_62' title='bbox 368 866 428 919; x_wconf 88' lang='lat' dir='ltr'>odio</span> <span class='ocrx_word' id='word_1_63' title='bbox 439 867 470 917; x_wconf 87' lang='lat' dir='ltr'>ad</span> <span class='ocrx_word' id='word_1_64' title='bbox 479 866 653 936; x_wconf 68' lang='lat' dir='ltr'>penaslandos</span> <span class='ocrx_word' id='word_1_65' title='bbox 670 868 738 930; x_wconf 75' lang='lat' dir='ltr'>finnt,</span> <span class='ocrx_word' id='word_1_66' title='bbox 754 864 857 933; x_wconf 79' lang='lat' dir='ltr'>nequid</span> 
     </span>
     <span class='ocr_line' id='line_1_10' title="bbox 96 944 854 1013; baseline 0.003 -20"><span class='ocrx_word' id='word_1_67' title='bbox 96 944 132 993; x_wconf 81' lang='lat' dir='ltr'>ad</span> <span class='ocrx_word' id='word_1_68' title='bbox 143 960 213 996; x_wconf 84' lang='lat' dir='ltr'>nova</span> <span class='ocrx_word' id='word_1_69' title='bbox 225 946 325 998; x_wconf 73' lang='lat' dir='ltr'>consilia</span> <span class='ocrx_word' id='word_1_70' title='bbox 335 947 502 1013; x_wconf 68' lang='lat' dir='ltr'>relinquerent</span> <span class='ocrx_word' id='word_1_71' title='bbox 512 947 614 1011; x_wconf 77' lang='lat' dir='ltr'>virium,</span> <span class='ocrx_word' id='word_1_72' title='bbox 623 947 731 996; x_wconf 84' lang='lat' dir='ltr'>duxere:</span> <span class='ocrx_word' id='word_1_73' title='bbox 748 946 854 995; x_wconf 84' lang='lat' dir='ltr'>alterum</span> 
     </span>
     <span class='ocr_line' id='line_1_11' title="bbox 95 1020 914 1095; baseline 0.004 -25"><span class='ocrx_word' id='word_1_74' title='bbox 95 1020 125 1070; x_wconf 89' lang='lat' dir='ltr'>in</span> <span class='ocrx_word' id='word_1_75' title='bbox 146 1036 236 1087; x_wconf 80' lang='lat' dir='ltr'>agrum</span> <span class='ocrx_word' id='word_1_76' title='bbox 256 1024 474 1095; x_wconf 60' lang='lat' dir='ltr'>Tarquiniensem.</span> <span class='ocrx_word' id='word_1_77' title='bbox 509 1025 552 1074; x_wconf 89' lang='lat' dir='ltr'>Ibi</span> <span class='ocrx_word' id='word_1_78' title='bbox 578 1024 671 1092; x_wconf 83' lang='lat' dir='ltr'>oppida</span> <span class='ocrx_word' id='word_1_79' title='bbox 693 1023 855 1075; x_wconf 82' lang='lat' dir='ltr'>Etruscorum</span> <span class='ocrx_word' id='word_1_80' title='bbox 911 1058 914 1063; x_wconf 90' lang='lat'>-</span> 
     </span>
     <span class='ocr_line' id='line_1_12' title="bbox 98 1100 855 1171; baseline 0 -22"><span class='ocrx_word' id='word_1_81' title='bbox 98 1100 227 1150; x_wconf 87' lang='lat' dir='ltr'>Cortuosa</span> <span class='ocrx_word' id='word_1_82' title='bbox 238 1102 263 1152; x_wconf 72' lang='grc' dir='ltr'>ἃ</span> <span class='ocrx_word' id='word_1_83' title='bbox 275 1103 432 1153; x_wconf 78' lang='lat' dir='ltr'>Contenebra</span> <span class='ocrx_word' id='word_1_84' title='bbox 441 1103 469 1151; x_wconf 84' lang='lat' dir='ltr'>vi</span> <span class='ocrx_word' id='word_1_85' title='bbox 480 1113 554 1171; x_wconf 86' lang='lat' dir='ltr'>capta</span> <span class='ocrx_word' id='word_1_86' title='bbox 564 1102 701 1168; x_wconf 87' lang='lat' dir='ltr'>dirutaque.</span> <span class='ocrx_word' id='word_1_87' title='bbox 736 1102 777 1153; x_wconf 82' lang='lat' dir='ltr'>Ad</span> <span class='ocrx_word' id='word_1_88' title='bbox 789 1106 855 1152; x_wconf 87' lang='lat' dir='ltr'>Cor·</span> 
     </span>
     <span class='ocr_line' id='line_1_13' title="bbox 96 1176 855 1248; baseline -0.001 -19"><span class='ocrx_word' id='word_1_89' title='bbox 96 1176 201 1229; x_wconf 80' lang='lat' dir='ltr'>tunsam</span> <span class='ocrx_word' id='word_1_90' title='bbox 212 1180 274 1230; x_wconf 85' lang='lat' dir='ltr'>nihil</span> <span class='ocrx_word' id='word_1_91' title='bbox 288 1182 427 1232; x_wconf 83' lang='lat' dir='ltr'>certaminis</span> <span class='ocrx_word' id='word_1_92' title='bbox 437 1179 494 1231; x_wconf 87' lang='lat' dir='ltr'>suit.</span> <span class='ocrx_word' id='word_1_93' title='bbox 513 1179 652 1247; x_wconf 80' lang='lat' dir='ltr'>improviso</span> <span class='ocrx_word' id='word_1_94' title='bbox 662 1182 752 1243; x_wconf 84' lang='lat' dir='ltr'>adorti,</span> <span class='ocrx_word' id='word_1_95' title='bbox 769 1181 855 1248; x_wconf 88' lang='lat' dir='ltr'>primo</span> 
     </span>
     <span class='ocr_line' id='line_1_14' title="bbox 96 1255 855 1327; baseline 0.001 -21"><span class='ocrx_word' id='word_1_96' title='bbox 96 1256 212 1307; x_wconf 84' lang='lat' dir='ltr'>elamore</span> <span class='ocrx_word' id='word_1_97' title='bbox 219 1255 296 1325; x_wconf 83' lang='lat' dir='ltr'>&#39;atque</span> <span class='ocrx_word' id='word_1_98' title='bbox 307 1256 409 1327; x_wconf 76' lang='lat' dir='ltr'>&#39;irnpetu</span> <span class='ocrx_word' id='word_1_99' title='bbox 419 1258 522 1327; x_wconf 79' lang='lat' dir='ltr'>cepere:</span> <span class='ocrx_word' id='word_1_100' title='bbox 541 1258 664 1326; x_wconf 83' lang='lat' dir='ltr'>direptum</span> <span class='ocrx_word' id='word_1_101' title='bbox 682 1258 804 1327; x_wconf 87' lang='lat' dir='ltr'>oppidum</span> <span class='ocrx_word' id='word_1_102' title='bbox 814 1266 855 1307; x_wconf 85' lang='lat' dir='ltr'>at·</span> 
     </span>
     <span class='ocr_line' id='line_1_15' title="bbox 97 1331 855 1405; baseline 0.004 -25"><span class='ocrx_word' id='word_1_103' title='bbox 97 1347 150 1399; x_wconf 91' lang='lat' dir='ltr'>que</span> <span class='ocrx_word' id='word_1_104' title='bbox 161 1331 291 1383; x_wconf 83' lang='lat' dir='ltr'>incenstrm&#39;</span> <span class='ocrx_word' id='word_1_105' title='bbox 303 1334 345 1384; x_wconf 89' lang='lat' dir='ltr'>esl.</span> <span class='ocrx_word' id='word_1_106' title='bbox 382 1334 539 1385; x_wconf 86' lang='lat' dir='ltr'>Contenebra</span> <span class='ocrx_word' id='word_1_107' title='bbox 551 1349 644 1405; x_wconf 88' lang='lat' dir='ltr'>paucos</span> <span class='ocrx_word' id='word_1_108' title='bbox 655 1334 706 1384; x_wconf 84' lang='lat' dir='ltr'>dies</span> <span class='ocrx_word' id='word_1_109' title='bbox 723 1349 855 1402; x_wconf 77' lang='lat' dir='ltr'>oppugna-</span> 
     </span>
     <span class='ocr_line' id='line_1_16' title="bbox 96 1408 855 1479; baseline 0.005 -20"><span class='ocrx_word' id='word_1_110' title='bbox 96 1412 198 1461; x_wconf 85' lang='lat' dir='ltr'>tionem</span> <span class='ocrx_word' id='word_1_111' title='bbox 210 1410 322 1461; x_wconf 83' lang='lat' dir='ltr'>sustinuit</span> <span class='ocrx_word' id='word_1_112' title='bbox 331 1414 341 1473; x_wconf 64' lang='lat'>;&#39;‘</span> <span class='ocrx_word' id='word_1_113' title='bbox 354 1408 473 1479; x_wconf 82' lang='lat' dir='ltr'>laborque</span> <span class='ocrx_word' id='word_1_114' title='bbox 482 1413 623 1475; x_wconf 81' lang='lat' dir='ltr'>continuus,</span> <span class='ocrx_word' id='word_1_115' title='bbox 641 1429 692 1464; x_wconf 89' lang='lat' dir='ltr'>non</span> <span class='ocrx_word' id='word_1_116' title='bbox 700 1413 740 1463; x_wconf 91' lang='lat' dir='ltr'>die</span> <span class='ocrx_word' id='word_1_117' title='bbox 750 1428 799 1463; x_wconf 91' lang='lat' dir='ltr'>non</span> <span class='ocrx_word' id='word_1_118' title='bbox 809 1428 855 1463; x_wconf 89' lang='lat' dir='ltr'>no·</span> 
     </span>
     <span class='ocr_line' id='line_1_17' title="bbox 99 1484 855 1557; baseline 0.003 -20"><span class='ocrx_word' id='word_1_119' title='bbox 99 1484 140 1537; x_wconf 68' lang='lat' dir='ltr'>&amp;e</span> <span class='ocrx_word' id='word_1_120' title='bbox 156 1485 276 1551; x_wconf 80' lang='lat' dir='ltr'>remiffiu,</span> <span class='ocrx_word' id='word_1_121' title='bbox 293 1488 389 1555; x_wconf 79' lang='lat' dir='ltr'>subegit</span> <span class='ocrx_word' id='word_1_122' title='bbox 400 1503 451 1539; x_wconf 87' lang='lat' dir='ltr'>eos.</span> <span class='ocrx_word' id='word_1_123' title='bbox 475 1504 553 1554; x_wconf 88' lang='lat' dir='ltr'>quum</span> <span class='ocrx_word' id='word_1_124' title='bbox 569 1489 596 1539; x_wconf 87' lang='lat' dir='ltr'>in</span> <span class='ocrx_word' id='word_1_125' title='bbox 612 1488 655 1539; x_wconf 85' lang='lat' dir='ltr'>sex</span> <span class='ocrx_word' id='word_1_126' title='bbox 667 1501 747 1557; x_wconf 77' lang='lat' dir='ltr'>partes</span> <span class='ocrx_word' id='word_1_127' title='bbox 758 1488 855 1540; x_wconf 78' lang='lat' dir='ltr'>&lt;livius</span> 
     </span>
     <span class='ocr_line' id='line_1_18' title="bbox 99 1564 856 1618; baseline -0.001 -3"><span class='ocrx_word' id='word_1_128' title='bbox 99 1564 228 1615; x_wconf 85' lang='lat' dir='ltr'>exercitus</span> <span class='ocrx_word' id='word_1_129' title='bbox 245 1569 372 1617; x_wconf 83' lang='lat' dir='ltr'>Romanus</span> <span class='ocrx_word' id='word_1_130' title='bbox 391 1566 454 1617; x_wconf 88' lang='lat' dir='ltr'>senis</span> <span class='ocrx_word' id='word_1_131' title='bbox 478 1566 546 1616; x_wconf 87' lang='lat' dir='ltr'>horis</span> <span class='ocrx_word' id='word_1_132' title='bbox 562 1567 588 1615; x_wconf 84' lang='lat' dir='ltr'>in</span> <span class='ocrx_word' id='word_1_133' title='bbox 607 1566 694 1617; x_wconf 86' lang='lat' dir='ltr'>orbern</span> <span class='ocrx_word' id='word_1_134' title='bbox 713 1566 856 1618; x_wconf 85' lang='lat' dir='ltr'>succederet</span> 
     </span>
     <span class='ocr_line' id='line_1_19' title="bbox 98 1642 855 1712; baseline 0 -20"><span class='ocrx_word' id='word_1_135' title='bbox 98 1644 201 1712; x_wconf 73' lang='lat' dir='ltr'>proelio,</span> <span class='ocrx_word' id='word_1_136' title='bbox 218 1644 356 1710; x_wconf 75' lang='lat' dir='ltr'>oppidanos</span> <span class='ocrx_word' id='word_1_137' title='bbox 376 1644 475 1694; x_wconf 80' lang='lat' dir='ltr'>eosllenr</span> <span class='ocrx_word' id='word_1_138' title='bbox 492 1642 592 1707; x_wconf 76' lang='lat' dir='ltr'>integro</span> <span class='ocrx_word' id='word_1_139' title='bbox 610 1644 706 1710; x_wconf 87' lang='lat' dir='ltr'>semper</span> <span class='ocrx_word' id='word_1_140' title='bbox 725 1642 855 1693; x_wconf 85' lang='lat' dir='ltr'>certamini</span> 
     </span>
     <span class='ocr_line' id='line_1_20' title="bbox 100 1718 854 1790; baseline 0.001 -20"><span class='ocrx_word' id='word_1_141' title='bbox 100 1718 298 1790; x_wconf 74' lang='lat' dir='ltr'>paucitas&#39;feuos</span> <span class='ocrx_word' id='word_1_142' title='bbox 309 1722 443 1787; x_wconf 84' lang='lat' dir='ltr'>objiceret;</span> <span class='ocrx_word' id='word_1_143' title='bbox 460 1721 548 1785; x_wconf 81' lang='lat' dir='ltr'>cessere</span> <span class='ocrx_word' id='word_1_144' title='bbox 561 1722 669 1784; x_wconf 86' lang='lat' dir='ltr'>tandem,</span> <span class='ocrx_word' id='word_1_145' title='bbox 685 1722 803 1787; x_wconf 90' lang='lat' dir='ltr'>locusque</span> <span class='ocrx_word' id='word_1_146' title='bbox 814 1723 854 1771; x_wconf 90' lang='lat' dir='ltr'>in-</span> 
     </span>
     <span class='ocr_line' id='line_1_21' title="bbox 99 1798 855 1865; baseline 0 -16"><span class='ocrx_word' id='word_1_147' title='bbox 99 1799 211 1849; x_wconf 81' lang='lat' dir='ltr'>vadendi</span> <span class='ocrx_word' id='word_1_148' title='bbox 223 1800 310 1850; x_wconf 82' lang='lat' dir='ltr'>urbem</span> <span class='ocrx_word' id='word_1_149' title='bbox 322 1802 440 1851; x_wconf 84' lang='lat' dir='ltr'>Romanis</span> <span class='ocrx_word' id='word_1_150' title='bbox 453 1800 524 1851; x_wconf 83' lang='lat' dir='ltr'>datus</span> <span class='ocrx_word' id='word_1_151' title='bbox 534 1800 577 1849; x_wconf 88' lang='lat' dir='ltr'>esl.</span> <span class='ocrx_word' id='word_1_152' title='bbox 613 1800 734 1848; x_wconf 79' lang='lat' dir='ltr'>Publicari</span> <span class='ocrx_word' id='word_1_153' title='bbox 746 1798 855 1865; x_wconf 67' lang='lat' dir='ltr'>prodam</span> 
     </span>
     <span class='ocr_line' id='line_1_22' title="bbox 100 1874 854 1945; baseline -0.007 -18"><span class='ocrx_word' id='word_1_154' title='bbox 100 1876 209 1927; x_wconf 81' lang='lat' dir='ltr'>tribunis</span> <span class='ocrx_word' id='word_1_155' title='bbox 224 1874 347 1943; x_wconf 73' lang='lat' dir='ltr'>placebat:</span> <span class='ocrx_word' id='word_1_156' title='bbox 366 1876 407 1929; x_wconf 85' lang='lat' dir='ltr'>sed</span> <span class='ocrx_word' id='word_1_157' title='bbox 418 1878 559 1945; x_wconf 86' lang='lat' dir='ltr'>imperium,</span> <span class='ocrx_word' id='word_1_158' title='bbox 576 1881 649 1941; x_wconf 81' lang='lat' dir='ltr'>quarn</span> <span class='ocrx_word' id='word_1_159' title='bbox 661 1875 798 1937; x_wconf 85' lang='lat' dir='ltr'>confilium,</span> <span class='ocrx_word' id='word_1_160' title='bbox 816 1874 854 1923; x_wconf 89' lang='lat' dir='ltr'>se·</span> 
     </span>
     <span class='ocr_line' id='line_1_23' title="bbox 99 1952 853 2019; baseline -0.004 -16"><span class='ocrx_word' id='word_1_161' title='bbox 99 1956 176 2019; x_wconf 75' lang='lat' dir='ltr'>gniu&#39;s</span> <span class='ocrx_word' id='word_1_162' title='bbox 187 1956 244 2005; x_wconf 88' lang='lat' dir='ltr'>suit.</span> <span class='ocrx_word' id='word_1_163' title='bbox 259 1953 321 2005; x_wconf 83' lang='lat' dir='ltr'>&#39;dum</span> <span class='ocrx_word' id='word_1_164' title='bbox 333 1955 484 2018; x_wconf 72' lang='lat' dir='ltr'>cunctantur,</span> <span class='ocrx_word' id='word_1_165' title='bbox 500 1956 553 2019; x_wconf 80' lang='lat' dir='ltr'>jam</span> <span class='ocrx_word' id='word_1_166' title='bbox 564 1953 674 2001; x_wconf 84' lang='lat' dir='ltr'>rnilitum</span> <span class='ocrx_word' id='word_1_167' title='bbox 691 1952 773 2019; x_wconf 84' lang='lat' dir='ltr'>praeda</span> <span class='ocrx_word' id='word_1_168' title='bbox 783 1963 853 2013; x_wconf 83' lang='lat' dir='ltr'>erat;</span> 
     </span>
     <span class='ocr_line' id='line_1_24' title="bbox 100 2026 854 2097; baseline -0.005 -14"><span class='ocrx_word' id='word_1_169' title='bbox 100 2048 158 2095; x_wconf 85' lang='lat' dir='ltr'>nce,</span> <span class='ocrx_word' id='word_1_170' title='bbox 175 2029 220 2080; x_wconf 73' lang='lat' dir='ltr'>nist</span> <span class='ocrx_word' id='word_1_171' title='bbox 235 2026 279 2097; x_wconf 74' lang='lat' dir='ltr'>per</span> <span class='ocrx_word' id='word_1_172' title='bbox 294 2032 425 2097; x_wconf 80' lang='lat' dir='ltr'>invidiam,</span> <span class='ocrx_word' id='word_1_173' title='bbox 441 2032 518 2082; x_wconf 85' lang='lat' dir='ltr'>adimi</span> <span class='ocrx_word' id='word_1_174' title='bbox 530 2040 636 2095; x_wconf 78' lang='lat' dir='ltr'>poterat.</span> <span class='ocrx_word' id='word_1_175' title='bbox 671 2029 765 2078; x_wconf 85' lang='lat' dir='ltr'>Eodem</span> <span class='ocrx_word' id='word_1_176' title='bbox 777 2045 854 2094; x_wconf 87' lang='lat' dir='ltr'>anno,</span> 
     </span>
    </p>
   </div>
   <div class='ocr_carea' id='block_1_3' title="bbox 13 2106 854 2177">
    <p class='ocr_par' dir='ltr' id='par_1_3' title="bbox 13 2106 854 2177">
     <span class='ocr_line' id='line_1_25' title="bbox 13 2106 854 2177; baseline -0.007 -16"><span class='ocrx_word' id='word_1_177' title='bbox 13 2145 20 2154; x_wconf 80' lang='lat'><em>·</em></span> <span class='ocrx_word' id='word_1_178' title='bbox 100 2125 134 2161; x_wconf 88' lang='lat' dir='ltr'>ne</span> <span class='ocrx_word' id='word_1_179' title='bbox 145 2109 251 2176; x_wconf 85' lang='lat' dir='ltr'>privatis</span> <span class='ocrx_word' id='word_1_180' title='bbox 266 2114 364 2159; x_wconf 85' lang='lat' dir='ltr'>tantum</span> <span class='ocrx_word' id='word_1_181' title='bbox 381 2106 500 2177; x_wconf 79' lang='lat' dir='ltr'>operibus</span> <span class='ocrx_word' id='word_1_182' title='bbox 519 2106 636 2157; x_wconf 84' lang='lat' dir='ltr'>cresceret</span> <span class='ocrx_word' id='word_1_183' title='bbox 647 2106 712 2170; x_wconf 84' lang='lat' dir='ltr'>urbs,</span> <span class='ocrx_word' id='word_1_184' title='bbox 731 2107 854 2172; x_wconf 85' lang='lat' dir='ltr'>Capitoli-</span> 
     </span>
    </p>
   </div>
   <div class='ocr_carea' id='block_1_4' title="bbox 51 2183 965 3028">
    <p class='ocr_par' dir='ltr' id='par_1_4' title="bbox 51 2183 965 3028">
     <span class='ocr_line' id='line_1_26' title="bbox 100 2183 854 2252; baseline -0.003 -15"><span class='ocrx_word' id='word_1_185' title='bbox 100 2202 146 2237; x_wconf 85' lang='lat' dir='ltr'>um</span> <span class='ocrx_word' id='word_1_186' title='bbox 161 2200 263 2252; x_wconf 80' lang='lat' dir='ltr'>qnoque</span> <span class='ocrx_word' id='word_1_187' title='bbox 279 2186 339 2237; x_wconf 81' lang='lat' dir='ltr'>saxo</span> <span class='ocrx_word' id='word_1_188' title='bbox 356 2186 475 2252; x_wconf 86' lang='lat' dir='ltr'>quadrato</span> <span class='ocrx_word' id='word_1_189' title='bbox 493 2183 653 2235; x_wconf 75' lang='lat' dir='ltr'>substmtttm</span> <span class='ocrx_word' id='word_1_190' title='bbox 664 2183 713 2248; x_wconf 75' lang='lat' dir='ltr'>esi:</span> <span class='ocrx_word' id='word_1_191' title='bbox 731 2198 794 2251; x_wconf 88' lang='lat' dir='ltr'>opus</span> <span class='ocrx_word' id='word_1_192' title='bbox 811 2184 854 2235; x_wconf 82' lang='lat' dir='ltr'>rel</span> 
     </span>
     <span class='ocr_line' id='line_1_27' title="bbox 100 2259 938 2329; baseline -0.007 -14"><span class='ocrx_word' id='word_1_193' title='bbox 100 2259 192 2315; x_wconf 66' lang='lat' dir='ltr'>inhac&#39;</span> <span class='ocrx_word' id='word_1_194' title='bbox 199 2259 383 2328; x_wconf 80' lang='lat' dir='ltr'>magnificentia</span> <span class='ocrx_word' id='word_1_195' title='bbox 391 2264 459 2315; x_wconf 85' lang='lat' dir='ltr'>urbis</span> <span class='ocrx_word' id='word_1_196' title='bbox 471 2260 681 2329; x_wconf 86' lang='lat' dir='ltr'>conspiciendum.</span> <span class='ocrx_word' id='word_1_197' title='bbox 929 2264 938 2271; x_wconf 78' lang='grc'><em>“</em></span> 
     </span>
     <span class='ocr_line' id='line_1_28' title="bbox 68 2332 853 2408; baseline 0.003 -19"><span class='ocrx_word' id='word_1_198' title='bbox 68 2332 72 2337; x_wconf 74' lang='grc'><strong>’</strong></span> <span class='ocrx_word' id='word_1_199' title='bbox 102 2390 107 2397; x_wconf 72' lang='grc'>,</span> <span class='ocrx_word' id='word_1_200' title='bbox 136 2346 171 2390; x_wconf 89' lang='lat' dir='ltr'>V.</span> <span class='ocrx_word' id='word_1_201' title='bbox 190 2342 284 2406; x_wconf 82' lang='lat' dir='ltr'>Jam&amp;</span> <span class='ocrx_word' id='word_1_202' title='bbox 298 2342 489 2408; x_wconf 83' lang='lat' dir='ltr'>tribuniplebis,</span> <span class='ocrx_word' id='word_1_203' title='bbox 508 2338 853 2391; x_wconf 78' lang='lat' dir='ltr'>civitatezdificandooeett·</span> 
     </span>
     <span class='ocr_line' id='line_1_29' title="bbox 100 2412 903 2487; baseline 0.001 -21"><span class='ocrx_word' id='word_1_204' title='bbox 100 2419 169 2487; x_wconf 67' lang='lat' dir='ltr'>pati,</span> <span class='ocrx_word' id='word_1_205' title='bbox 187 2412 320 2467; x_wconf 73' lang='lat' dir='ltr'>conciones</span> <span class='ocrx_word' id='word_1_206' title='bbox 334 2418 389 2467; x_wconf 88' lang='lat' dir='ltr'>suas</span> <span class='ocrx_word' id='word_1_207' title='bbox 407 2412 566 2483; x_wconf 77' lang='lat' dir='ltr'>frequentare</span> <span class='ocrx_word' id='word_1_208' title='bbox 583 2414 678 2478; x_wconf 83' lang='lat' dir='ltr'>legibus</span> <span class='ocrx_word' id='word_1_209' title='bbox 694 2416 796 2479; x_wconf 82' lang='lat' dir='ltr'>agrariis</span> <span class='ocrx_word' id='word_1_210' title='bbox 812 2434 854 2467; x_wconf 90' lang='lat' dir='ltr'>co·</span> <span class='ocrx_word' id='word_1_211' title='bbox 900 2451 903 2458; x_wconf 84' lang='lat'>·</span> 
     </span>
     <span class='ocr_line' id='line_1_30' title="bbox 51 2492 853 2562; baseline -0.002 -15"><span class='ocrx_word' id='word_1_212' title='bbox 51 2508 55 2513; x_wconf 85' lang='lat'>&#39;</span> <span class='ocrx_word' id='word_1_213' title='bbox 100 2496 236 2547; x_wconf 76' lang='lat' dir='ltr'>nabantur.</span> <span class='ocrx_word' id='word_1_214' title='bbox 254 2492 421 2545; x_wconf 81' lang='lat' dir='ltr'>ostentabatur</span> <span class='ocrx_word' id='word_1_215' title='bbox 432 2494 541 2562; x_wconf 41' lang='lat' dir='ltr'>inuspem</span> <span class='ocrx_word' id='word_1_216' title='bbox 559 2494 707 2559; x_wconf 80' lang='lat' dir='ltr'>Pomptinus</span> <span class='ocrx_word' id='word_1_217' title='bbox 716 2510 782 2557; x_wconf 83' lang='lat' dir='ltr'>ager,</span> <span class='ocrx_word' id='word_1_218' title='bbox 799 2505 853 2545; x_wconf 82' lang='lat' dir='ltr'>tum</span> 
     </span>
     <span class='ocr_line' id='line_1_31' title="bbox 102 2567 937 2641; baseline -0.001 -20"><span class='ocrx_word' id='word_1_219' title='bbox 102 2574 222 2641; x_wconf 83' lang='lat' dir='ltr'>primurn,</span> <span class='ocrx_word' id='word_1_220' title='bbox 240 2572 293 2639; x_wconf 76' lang='lat' dir='ltr'>posi</span> <span class='ocrx_word' id='word_1_221' title='bbox 311 2567 434 2623; x_wconf 75' lang='lat' dir='ltr'>accisas&#39;a</span> <span class='ocrx_word' id='word_1_222' title='bbox 453 2570 559 2621; x_wconf 73' lang='lat' dir='ltr'>eamme</span> <span class='ocrx_word' id='word_1_223' title='bbox 570 2569 722 2618; x_wconf 79' lang='lat' dir='ltr'>Volscorum</span> <span class='ocrx_word' id='word_1_224' title='bbox 733 2585 778 2632; x_wconf 83' lang='lat' dir='ltr'>res,</span> <span class='ocrx_word' id='word_1_225' title='bbox 796 2570 853 2637; x_wconf 86' lang='lat' dir='ltr'>pos·</span> <span class='ocrx_word' id='word_1_226' title='bbox 934 2590 937 2593; x_wconf 85' lang='grc'><em>·</em></span> 
     </span>
     <span class='ocr_line' id='line_1_32' title="bbox 101 2646 965 2715; baseline 0 -14"><span class='ocrx_word' id='word_1_227' title='bbox 101 2650 431 2715; x_wconf 81' lang='lat' dir='ltr'>scffionishaudarnbiguae.</span> <span class='ocrx_word' id='word_1_228' title='bbox 459 2646 666 2709; x_wconf 70' lang='lat' dir='ltr'>criminabantur,</span> <span class='ocrx_word' id='word_1_229' title='bbox 684 2649 853 2701; x_wconf 76' lang='lat' dir='ltr'>muboeumin·</span> <span class='ocrx_word' id='word_1_230' title='bbox 960 2666 965 2678; x_wconf 75' lang='lat'><strong>¹</strong></span> 
     </span>
     <span class='ocr_line' id='line_1_33' title="bbox 95 2716 854 2797; baseline 0.003 -20"><span class='ocrx_word' id='word_1_231' title='bbox 95 2724 516 2819; x_wconf 65' lang='lat' dir='ltr'>festiorrpnagrumabmbisuateeffs,</span> <span class='ocrx_word' id='word_1_232' title='bbox 533 2716 625 2792; x_wconf 61' lang='lat' dir='ltr'>qusint}</span> <span class='ocrx_word' id='word_1_233' title='bbox 640 2726 809 2791; x_wconf 75' lang='lat' dir='ltr'>Volscissuerit5</span> <span class='ocrx_word' id='word_1_234' title='bbox 826 2728 854 2779; x_wconf 67' lang='lat' dir='ltr'>ab</span> 
     </span>
     <span class='ocr_line' id='line_1_34' title="bbox 100 2803 853 2874; baseline 0.005 -20"><span class='ocrx_word' id='word_1_235' title='bbox 100 2808 144 2859; x_wconf 70' lang='lat' dir='ltr'>list</span> <span class='ocrx_word' id='word_1_236' title='bbox 160 2806 218 2854; x_wconf 84' lang='lat' dir='ltr'>enim</span> <span class='ocrx_word' id='word_1_237' title='bbox 236 2808 329 2866; x_wconf 66' lang='lat' dir='ltr'>tannim,</span> <span class='ocrx_word' id='word_1_238' title='bbox 346 2807 485 2871; x_wconf 76' lang='lat' dir='ltr'>queasvirer</span> <span class='ocrx_word' id='word_1_239' title='bbox 502 2803 735 2870; x_wconf 51' lang='lat' dir='ltr'>&amp;muniebamus</span> <span class='ocrx_word' id='word_1_240' title='bbox 753 2809 853 2874; x_wconf 78' lang='lat' dir='ltr'>incnrste·</span> 
     </span>
     <span class='ocr_line' id='line_1_35' title="bbox 101 2871 853 2953; baseline -0.001 -17"><span class='ocrx_word' id='word_1_241' title='bbox 101 2901 140 2937; x_wconf 82' lang='lat' dir='ltr'>ner</span> <span class='ocrx_word' id='word_1_242' title='bbox 151 2901 175 2933; x_wconf 81' lang='lat' dir='ltr'>eo</span> <span class='ocrx_word' id='word_1_243' title='bbox 166 2882 267 2948; x_wconf 77' lang='lat' dir='ltr'>fallas.</span> <span class='ocrx_word' id='word_1_244' title='bbox 276 2898 311 2931; x_wconf 81' lang='lat' dir='ltr'>no</span> <span class='ocrx_word' id='word_1_245' title='bbox 311 2882 361 2933; x_wconf 77' lang='lat' dir='ltr'>lites</span> <span class='ocrx_word' id='word_1_246' title='bbox 370 2884 481 2933; x_wconf 79' lang='lat' dir='ltr'>lomines&#39;</span> <span class='ocrx_word' id='word_1_247' title='bbox 473 2898 495 2931; x_wconf 86' lang='lat' dir='ltr'>m</span> <span class='ocrx_word' id='word_1_248' title='bbox 500 2871 640 2949; x_wconf 74' lang='lat' dir='ltr'>peffeffienem</span> <span class='ocrx_word' id='word_1_249' title='bbox 647 2901 695 2951; x_wconf 81' lang='lat' dir='ltr'>agn</span> <span class='ocrx_word' id='word_1_250' title='bbox 690 2885 764 2950; x_wconf 78' lang='lat' dir='ltr'>pub!</span> <span class='ocrx_word' id='word_1_251' title='bbox 756 2888 853 2953; x_wconf 70' lang='lat' dir='ltr'>nigras</span> 
     </span>
     <span class='ocr_line' id='line_1_36' title="bbox 95 2952 853 3028; baseline 0.004 -20"><span class='ocrx_word' id='word_1_252' title='bbox 95 2963 163 3028; x_wconf 67' lang='lat' dir='ltr'>firi:</span> <span class='ocrx_word' id='word_1_253' title='bbox 179 2974 225 3022; x_wconf 82' lang='lat' dir='ltr'>nec,</span> <span class='ocrx_word' id='word_1_254' title='bbox 244 2956 291 3021; x_wconf 82' lang='lat' dir='ltr'>nist,</span> <span class='ocrx_word' id='word_1_255' title='bbox 275 2968 370 3026; x_wconf 80' lang='lat' dir='ltr'>t&#39;qante</span> <span class='ocrx_word' id='word_1_256' title='bbox 371 2978 420 3008; x_wconf 83' lang='lat' dir='ltr'>uam</span> <span class='ocrx_word' id='word_1_257' title='bbox 439 2952 510 3008; x_wconf 86' lang='lat' dir='ltr'>omnia</span> <span class='ocrx_word' id='word_1_258' title='bbox 526 2960 658 3026; x_wconf 60' lang='lat' dir='ltr'>penpinas,</span> <span class='ocrx_word' id='word_1_259' title='bbox 674 2962 757 3027; x_wconf 77' lang='lat' dir='ltr'>divisor</span> <span class='ocrx_word' id='word_1_260' title='bbox 769 2963 804 3024; x_wconf 75' lang='lat' dir='ltr'>fir</span> <span class='ocrx_word' id='word_1_261' title='bbox 821 2963 853 3010; x_wconf 84' lang='lat' dir='ltr'>I&#39;o·</span> 
     </span>
    </p>
   </div>
   <div class='ocr_carea' id='block_1_5' title="bbox 101 3027 855 3175">
    <p class='ocr_par' dir='ltr' id='par_1_5' title="bbox 101 3027 855 3175">
     <span class='ocr_line' id='line_1_37' title="bbox 101 3027 855 3167; baseline -0.005 -76"><span class='ocrx_word' id='word_1_262' title='bbox 101 3054 152 3092; x_wconf 82' lang='lat' dir='ltr'>eum</span> <span class='ocrx_word' id='word_1_263' title='bbox 162 3038 191 3090; x_wconf 82' lang='lat' dir='ltr'>ibi</span> <span class='ocrx_word' id='word_1_264' title='bbox 198 3034 249 3107; x_wconf 76' lang='lat' dir='ltr'>pleb</span> <span class='ocrx_word' id='word_1_265' title='bbox 250 3052 258 3084; x_wconf 76' lang='grc' dir='ltr'><strong><em>ι</em></strong></span> <span class='ocrx_word' id='word_1_266' title='bbox 253 3027 326 3101; x_wconf 83' lang='lat' dir='ltr'>stre.</span> <span class='ocrx_word' id='word_1_267' title='bbox 338 3036 414 3109; x_wconf 70' lang='lat' dir='ltr'>Haud</span> <span class='ocrx_word' id='word_1_268' title='bbox 422 3052 513 3165; x_wconf 56' lang='lat' dir='ltr'>niagno</span> <span class='ocrx_word' id='word_1_269' title='bbox 521 3053 597 3107; x_wconf 83' lang='lat' dir='ltr'>opere</span> <span class='ocrx_word' id='word_1_270' title='bbox 604 3039 702 3107; x_wconf 81' lang='lat' dir='ltr'>plebem</span> <span class='ocrx_word' id='word_1_271' title='bbox 712 3048 855 3167; x_wconf 55' lang='grc' dir='ltr'>πιονεηηὲ</span> 
     </span>
     <span class='ocr_line' id='line_1_38' title="bbox 497 3129 657 3175; baseline -0.006 -38"><span class='ocrx_word' id='word_1_272' title='bbox 497 3129 513 3175; x_wconf 70' lang='lat'>5</span> <span class='ocrx_word' id='word_1_273' title='bbox 655 3134 657 3136; x_wconf 74' lang='grc'>,</span> 
     </span>
    </p>
   </div>
   <div class='ocr_carea' id='block_1_6' title="bbox 0 0 1002 3692">
    <p class='ocr_par' dir='ltr' id='par_1_6' title="bbox 0 0 1002 3692">
     <span class='ocr_line' id='line_1_39' title="bbox 0 0 1002 3692; baseline 0 0"><span class='ocrx_word' id='word_1_274' title='bbox 0 0 1002 3692; x_wconf 95' lang='lat' dir='ltr'> </span> 
     </span>
    </p>
   </div>
  </div>
 </body>
</html>
