1992 3692
182 241 221 292 7o
313 241 317 252 ¹
441 223 671 286 'nntv'tt

180 386 357 594 1‚L1berl
367 391 420 456 jam
431 393 489 444 binc
501 395 589 462 populi
600 395 707 448 Romani
719 410 769 462 ree,
782 413 845 465 paee
855 398 927 458 belle»
973 412 974 417 ¹

305 483 354 533 que
361 468 444 532 gestas,
456 485 551 520 annuos
558 472 719 535 magistratus,
728 473 882 540 imperiaque
892 480 926 532 le.

306 557 375 606 gum,
397 543 539 610 potentiora
558 549 634 608 quam
651 544 791 608 hominurn,
803 564 927 615 peragam.

180 621 243 683 Quae
253 618 352 668 libertas
362 629 391 668 ut
402 619 481 668 letior
492 614 558 682 esset,
575 619 685 685 proximi
695 621 760 684 regis
772 621 885 690 superbia
896 625 929 676 se-

178 705 254 746 cerat.
272 711 330 746 nam
341 696 435 762 priores
446 696 481 744 ita
488 696 631 760 regaturne,
647 706 677 744 ut
685 697 751 746 haud
764 699 892 750 immerito
903 719 929 752 o·

175 769 244 824 mines
252 773 365 839 deinceps
374 771 515 824 conditores
526 773 636 840 partium
644 777 709 822 certe
720 775 797 836 urbis,
815 791 877 840 quas
885 795 929 830 no·

119 915 121 919 v
177 864 222 902 ver
238 849 283 919 ipli
296 851 362 900 sedes
378 849 411 900 ab
430 847 454 898 se
464 847 541 898 auda
552 849 705 900 multitudini
716 849 872 917 addiderunt,
884 869 928 904 nu-

173 940 313 978 merentur:
322 943 401 994 neque
411 926 552 990 ambigitur,
564 928 624 991 quin
636 931 724 976 Brutus
735 927 812 990 idem,
823 932 868 994 qui
879 942 930 982 tam

175 1012 231 1054 tum
245 1006 336 1069 glorie,
350 1003 459 1070 Superbo
470 1001 558 1052 exasio
569 1018 637 1066 rege,
653 1005 751 1067 meruit,
764 1005 867 1070 pessimo
883 1023 929 1074 pu·

175 1084 242 1134 blico
254 1084 279 1134 id
290 1082 396 1133 satiurut
405 1079 487 1144 suerit,
507 1081 653 1130 filibertarie
663 1082 802 1132 immature
812 1084 930 1149 cupidine
973 1134 974 1137 ,

175 1162 288 1228 priorum
302 1174 388 1224 regum
399 1159 472 1210 alicui
483 1173 587 1222 regnum
604 1159 747 1208 extorsisset.
783 1159 853 1223 Quid
862 1163 930 1214 enim

175 1238 287 1288 futurum
300 1238 356 1302 suit,
379 1237 452 1286 stilla
469 1236 593 1303 pallorum
613 1253 831 1302 convenarumque
849 1241 930 1306 plebt,

175 1317 301 1380 transfuga
316 1330 349 1364 ex
365 1313 412 1364 suir
423 1313 529 1380 populis,
546 1312 591 1362 sub
608 1314 683 1362 tutela
699 1313 818 1363 inviolati
839 1319 930 1384 templi

174 1402 217 1460 aut
224 1393 370 1456 libertatem,
379 1402 423 1440 aut
431 1393 494 1440 certi:
502 1389 683 1456 impunitatem,
691 1390 789 1455 adepta,
798 1391 878 1443 soluta
889 1411 930 1444 re·

173 1469 216 1532 gio
227 1481 303 1533 metu,
315 1470 403 1535 agitari
414 1479 494 1534 coepta
505 1465 563 1516 esset
570 1468 707 1516 tribuniciis
715 1470 846 1535 procellis?
863 1472 890 1520 dt
901 1473 931 1523 in

172 1547 253 1598 aliena
263 1549 324 1598 urbe
341 1563 397 1598 rum
410 1545 521 1596 Patribus
532 1543 609 1594 serere
623 1546 765 1610 certamina,
781 1546 928 1614 priusquam

173 1625 278 1690 pignora
288 1626 422 1690 conjugum
432 1640 460 1672 ac
471 1624 615 1685 liberorum,
635 1622 771 1688 caritasque
783 1625 858 1690 ipsius
869 1624 924 1692 soli,

170 1705 211 1754 cui
221 1703 298 1768 longo
309 1715 421 1769 tempore
431 1699 580 1763 assuescitur,
595 1701 692 1750 animos
702 1716 790 1750 eorum
809 1701 926 1752 consoci-

171 1781 244 1834 blset?
278 1780 401 1846 Diffipatae
412 1793 448 1828 res
466 1777 578 1828 nondum
593 1774 682 1828 adultae
693 1777 814 1828 discordia
823 1779 928 1831 soient:

170 1873 229 1924 quas
241 1857 306 1906 sovit
317 1856 446 1921 tranquilla
457 1853 596 1907 moderatio
604 1855 712 1920 imperii,
721 1857 801 1919 eoque
812 1855 926 1906 nutrien-

153 1945 155 1953 ’
170 1933 204 1982 do
220 1933 343 2000 perduxit,
366 1943 395 1982 ut
411 1932 504 1981 bonam
520 1928 616 1993 srugem
628 1928 747 1979 libertatis
758 1931 862 1980 maturis
870 1931 926 1995 jam

169 2011 265 2061 viribus
273 2011 336 2069 serre
346 2007 450 2077 possent.
485 2007 618 2056 Libertatis
632 2017 714 2058 autem
727 2008 851 2072 originem
864 2009 926 2060 inde

169 2089 255 2150 magis,
271 2087 329 2151 quia
345 2079 604 2152 annuum‘imperium
621 2084 748 2136 consulare
765 2085 859 2152 fatiunt
881 2088 926 2154 est,

169 2167 243 2226 quim
257 2163 323 2228 quod
334 2163 490 2214 deminutum
501 2163 635 2227 quicquam
648 2162 677 2212 sit
688 2178 722 2212 ex
734 2164 803 2227 regia
814 2163 924 2230 potesla-

167 2251 200 2300 te,
211 2252 333 2288 numeres.
366 2239 535 2302 Omniajura,
552 2238 637 2288 omnia
648 2237 751 2303 insignia
769 2239 844 2306 primi
861 2256 925 2290 con-

165 2315 227 2374 sules
237 2325 345 2366 tenuere.
374 2315 399 2366 id
415 2315 491 2364 modo
502 2325 603 2364 cautum
617 2315 660 2378 est,
672 2331 712 2381 ne,
724 2315 741 2365 si
752 2315 829 2366 ambo
845 2315 926 2368 fasces
973 2362 974 2365 ,

168 2393 295 2456 baberent,
312 2392 451 2459 duplicatus
470 2403 551 2442 terror
566 2391 705 2441 videretur·
738 2395 827 2441 Brutus
843 2394 925 2459 prior,

166 2471 318 2521 eoncedente
330 2471 432 2534 collegi,
444 2469 520 2520 sascer
532 2468 635 2518 habuit:
653 2470 696 2534 qui
707 2484 759 2519 non
769 2471 853 2519 acrior
864 2472 925 2520 vin·

168 2543 217 2596 dex
227 2547 346 2598 libertatis
358 2547 447 2610 suerat,
464 2551 539 2612 quarn
549 2541 638 2594 deinde
649 2545 729 2595 custos
739 2545 796 2616 suit.
833 2547 925 2595 Omni-

166 2636 210 2674 um
221 2624 330 2688 primum
340 2622 444 2673 avidum
452 2635 526 2672 uovae
534 2621 654 2670 libertatis
665 2621 797 2688 populum,
814 2637 845 2672 ne
853 2623 925 2689 post-
973 2642 974 2645 ¹

166 2697 271 2754 modum
284 2699 348 2748 flesti
363 2699 476 2767 precibus
489 2709 534 2747 aut
550 2695 624 2747 donis
633 2699 708 2762 regiis
722 2696 808 2764 posset,
824 2698 925 2763 jureju·

166 2774 244 2830 rando
258 2777 348 2848 adegit,
358 2777 481 2826 neminem
490 2779 577 2824 Romae
588 2772 698 2840 passuros
708 2790 818 2838 regnare.
842 2775 926 2827 Dein-

167 2849 206 2914 de,
223 2856 273 2916 qud
284 2843 337 2918 piiss
345 2853 446 2904 ¹virium
456 2853 482 2902 in
493 2852 580 2900 senatu
592 2849 730 2916 frequentia
741 2851 817 2900 etiarn
826 2849 926 2902 ordinis

166 2923 265 2990 faceret,
283 2928 388 2981 cedibus
407 2929 474 2992 regis*
488 2926 644 2976 deminutum
661 2929 763 2976 Patmm
779 2942 926 2988 numerum,

166 2995 315 3072 primoribus
326 3004 439 3070 equellris
450 2998 540 3070 gradui
548 3001 623 3069 letiis,
634 2994 666 3056 ad
675 3015 844 3066 trecentorum
852 3001 925 3052 sunr-
