<?xml version="1.0" encoding="UTF-8"?>
<!DOCTYPE html PUBLIC "-//W3C//DTD XHTML 1.0 Transitional//EN"
    "http://www.w3.org/TR/xhtml1/DTD/xhtml1-transitional.dtd">
<html xmlns="http://www.w3.org/1999/xhtml" xml:lang="en" lang="en">
 <head>
  <title>
</title>
<meta http-equiv="Content-Type" content="text/html;charset=utf-8" />
  <meta name='ocr-system' content='tesseract 3.04.00' />
  <meta name='ocr-capabilities' content='ocr_page ocr_carea ocr_par ocr_line ocrx_word'/>
</head>
<body>
  <div class='ocr_page' id='page_1' title='image "./titiliviipatavi00ruddgoog_0429.png"; bbox 0 0 1992 3692; ppageno 0'>
   <div class='ocr_carea' id='block_1_1' title="bbox 338 198 856 265">
    <p class='ocr_par' dir='ltr' id='par_1_1' title="bbox 338 198 856 265">
     <span class='ocr_line' id='line_1_1' title="bbox 338 198 856 265; baseline -0.019 -12"><span class='ocrx_word' id='word_1_1' title='bbox 338 199 510 255; x_wconf 75' lang='lat' dir='ltr'>arana</span> <span class='ocrx_word' id='word_1_2' title='bbox 542 198 606 253; x_wconf 87' lang='lat' dir='ltr'>vn.</span> <span class='ocrx_word' id='word_1_3' title='bbox 805 217 856 265; x_wconf 58' lang='grc' dir='ltr'>Μ</span> 
     </span>
    </p>
   </div>
   <div class='ocr_carea' id='block_1_2' title="bbox 92 286 907 2998">
    <p class='ocr_par' dir='ltr' id='par_1_2' title="bbox 92 286 907 2998">
     <span class='ocr_line' id='line_1_2' title="bbox 93 286 860 361; baseline -0.003 -17"><span class='ocrx_word' id='word_1_4' title='bbox 93 292 161 344; x_wconf 73' lang='lat' dir='ltr'>aex.</span> <span class='ocrx_word' id='word_1_5' title='bbox 181 290 297 342; x_wconf 81' lang='lat' dir='ltr'>Tullirun</span> <span class='ocrx_word' id='word_1_6' title='bbox 315 293 418 343; x_wconf 82' lang='lat' dir='ltr'>nomine</span> <span class='ocrx_word' id='word_1_7' title='bbox 432 294 564 361; x_wconf 81' lang='lat' dir='ltr'>increpans</span> <span class='ocrx_word' id='word_1_8' title='bbox 581 286 757 357; x_wconf 78' lang='lat' dir='ltr'>rogitansque:</span> <span class='ocrx_word' id='word_1_9' title='bbox 777 292 860 351; x_wconf 68' lang='lat' dir='ltr'>Siccine</span> 
     </span>
     <span class='ocr_line' id='line_1_3' title="bbox 92 367 860 437; baseline 0 -18"><span class='ocrx_word' id='word_1_10' title='bbox 92 378 237 436; x_wconf 73' lang='lat' dir='ltr'>pugnaturos</span> <span class='ocrx_word' id='word_1_11' title='bbox 246 368 326 420; x_wconf 75' lang='lat' dir='ltr'>milites</span> <span class='ocrx_word' id='word_1_12' title='bbox 339 368 504 437; x_wconf 68' lang='lat' dir='ltr'>spoporl&#39;qlet?</span> <span class='ocrx_word' id='word_1_13' title='bbox 521 367 556 419; x_wconf 83' lang='lat' dir='ltr'>uli</span> <span class='ocrx_word' id='word_1_14' title='bbox 572 368 605 418; x_wconf 84' lang='lat' dir='ltr'>illi</span> <span class='ocrx_word' id='word_1_15' title='bbox 622 367 723 417; x_wconf 81' lang='lat' dir='ltr'>clamores</span> <span class='ocrx_word' id='word_1_16' title='bbox 737 367 782 433; x_wconf 77' lang='lat' dir='ltr'>sint</span> <span class='ocrx_word' id='word_1_17' title='bbox 795 384 860 419; x_wconf 75' lang='lat' dir='ltr'>arata</span> 
     </span>
     <span class='ocr_line' id='line_1_4' title="bbox 93 443 907 515; baseline -0.004 -18"><span class='ocrx_word' id='word_1_18' title='bbox 93 443 256 513; x_wconf 60' lang='lat' dir='ltr'>poscentium?</span> <span class='ocrx_word' id='word_1_19' title='bbox 271 447 306 497; x_wconf 77' lang='lat' dir='ltr'>nli</span> <span class='ocrx_word' id='word_1_20' title='bbox 323 450 384 499; x_wconf 76' lang='lat' dir='ltr'>mine</span> <span class='ocrx_word' id='word_1_21' title='bbox 398 448 476 515; x_wconf 74' lang='lat' dir='ltr'>injufflc</span> <span class='ocrx_word' id='word_1_22' title='bbox 486 446 624 513; x_wconf 82' lang='lat' dir='ltr'>imperatoris</span> <span class='ocrx_word' id='word_1_23' title='bbox 632 445 734 513; x_wconf 81' lang='lat' dir='ltr'>pralium</span> <span class='ocrx_word' id='word_1_24' title='bbox 745 446 858 497; x_wconf 69' lang='lat' dir='ltr'>inituros?</span> <span class='ocrx_word' id='word_1_25' title='bbox 899 488 907 494; x_wconf 91' lang='lat'><em>.</em></span> 
     </span>
     <span class='ocr_line' id='line_1_5' title="bbox 98 522 860 591; baseline 0.001 -19"><span class='ocrx_word' id='word_1_26' title='bbox 98 539 129 572; x_wconf 80' lang='lat' dir='ltr'>cn</span> <span class='ocrx_word' id='word_1_27' title='bbox 141 525 213 590; x_wconf 84' lang='lat' dir='ltr'>ipsum</span> <span class='ocrx_word' id='word_1_28' title='bbox 223 526 377 591; x_wconf 74' lang='lat' dir='ltr'>imperatorem</span> <span class='ocrx_word' id='word_1_29' title='bbox 391 525 451 574; x_wconf 75' lang='lat' dir='ltr'>clarii</span> <span class='ocrx_word' id='word_1_30' title='bbox 466 537 520 573; x_wconf 81' lang='lat' dir='ltr'>vnce</span> <span class='ocrx_word' id='word_1_31' title='bbox 531 539 610 573; x_wconf 80' lang='lat' dir='ltr'>vocare</span> <span class='ocrx_word' id='word_1_32' title='bbox 620 523 649 573; x_wconf 80' lang='lat' dir='ltr'>ad</span> <span class='ocrx_word' id='word_1_33' title='bbox 661 522 770 589; x_wconf 78' lang='lat' dir='ltr'>prelium,</span> <span class='ocrx_word' id='word_1_34' title='bbox 788 524 814 575; x_wconf 69' lang='grc' dir='ltr'>(ν</span> <span class='ocrx_word' id='word_1_35' title='bbox 826 524 860 573; x_wconf 81' lang='lat' dir='ltr'>ire</span> 
     </span>
     <span class='ocr_line' id='line_1_6' title="bbox 94 594 886 671; baseline 0 -20"><span class='ocrx_word' id='word_1_36' title='bbox 94 612 216 669; x_wconf 62' lang='lat' dir='ltr'>amingum</span> <span class='ocrx_word' id='word_1_37' title='bbox 229 613 279 653; x_wconf 80' lang='lat' dir='ltr'>ante</span> <span class='ocrx_word' id='word_1_38' title='bbox 286 602 439 671; x_wconf 80' lang='lat' dir='ltr'>primafigna.</span> <span class='ocrx_word' id='word_1_39' title='bbox 456 602 526 669; x_wconf 71' lang='lat' dir='ltr'>ecquis</span> <span class='ocrx_word' id='word_1_40' title='bbox 530 604 655 668; x_wconf 80' lang='lat' dir='ltr'>sequeretur</span> <span class='ocrx_word' id='word_1_41' title='bbox 666 599 787 669; x_wconf 65' lang='lat' dir='ltr'>eomnqqui</span> <span class='ocrx_word' id='word_1_42' title='bbox 798 602 859 659; x_wconf 75' lang='lat' dir='ltr'>modi</span> <span class='ocrx_word' id='word_1_43' title='bbox 874 594 886 637; x_wconf 77' lang='lat'>¹·</span> 
     </span>
     <span class='ocr_line' id='line_1_7' title="bbox 97 678 858 745; baseline 0.001 -18"><span class='ocrx_word' id='word_1_44' title='bbox 97 678 188 727; x_wconf 63' lang='lat' dir='ltr'>unni</span> <span class='ocrx_word' id='word_1_45' title='bbox 199 680 303 745; x_wconf 57' lang='lat' dir='ltr'>fuerim</span> <span class='ocrx_word' id='word_1_46' title='bbox 320 681 344 730; x_wconf 79' lang='lat' dir='ltr'>in</span> <span class='ocrx_word' id='word_1_47' title='bbox 358 680 433 744; x_wconf 70' lang='lat' dir='ltr'>cassiis</span> <span class='ocrx_word' id='word_1_48' title='bbox 448 679 543 744; x_wconf 74' lang='lat' dir='ltr'>serocn&#39;,</span> <span class='ocrx_word' id='word_1_49' title='bbox 559 679 583 727; x_wconf 80' lang='lat' dir='ltr'>in</span> <span class='ocrx_word' id='word_1_50' title='bbox 595 678 640 726; x_wconf 83' lang='lat' dir='ltr'>acie</span> <span class='ocrx_word' id='word_1_51' title='bbox 653 678 757 743; x_wconf 82' lang='lat' dir='ltr'>pavidi?</span> <span class='ocrx_word' id='word_1_52' title='bbox 791 682 858 736; x_wconf 75' lang='lat' dir='ltr'>Vena</span> 
     </span>
     <span class='ocr_line' id='line_1_8' title="bbox 98 754 858 825; baseline 0.005 -22"><span class='ocrx_word' id='word_1_53' title='bbox 98 756 250 807; x_wconf 86' lang='lat' dir='ltr'>audiebant.</span> <span class='ocrx_word' id='word_1_54' title='bbox 267 760 351 825; x_wconf 86' lang='lat' dir='ltr'>itaque</span> <span class='ocrx_word' id='word_1_55' title='bbox 366 767 449 808; x_wconf 86' lang='lat' dir='ltr'>tantos</span> <span class='ocrx_word' id='word_1_56' title='bbox 466 758 547 825; x_wconf 89' lang='lat' dir='ltr'>pudor</span> <span class='ocrx_word' id='word_1_57' title='bbox 563 756 673 806; x_wconf 84' lang='lat' dir='ltr'>stimulos</span> <span class='ocrx_word' id='word_1_58' title='bbox 689 754 811 821; x_wconf 87' lang='lat' dir='ltr'>admovit,</span> <span class='ocrx_word' id='word_1_59' title='bbox 829 768 858 807; x_wconf 85' lang='lat' dir='ltr'>ut</span> 
     </span>
     <span class='ocr_line' id='line_1_9' title="bbox 95 834 857 901; baseline 0.007 -20"><span class='ocrx_word' id='word_1_60' title='bbox 95 844 206 884; x_wconf 81' lang='lat' dir='ltr'>ruerent</span> <span class='ocrx_word' id='word_1_61' title='bbox 218 836 244 885; x_wconf 94' lang='lat' dir='ltr'>in</span> <span class='ocrx_word' id='word_1_62' title='bbox 260 837 368 887; x_wconf 87' lang='lat' dir='ltr'>holliurn</span> <span class='ocrx_word' id='word_1_63' title='bbox 384 836 440 899; x_wconf 82' lang='lat' dir='ltr'>tela,</span> <span class='ocrx_word' id='word_1_64' title='bbox 457 834 570 885; x_wconf 81' lang='lat' dir='ltr'>alienatis</span> <span class='ocrx_word' id='word_1_65' title='bbox 586 838 601 882; x_wconf 74' lang='lat' dir='ltr'>a</span> <span class='ocrx_word' id='word_1_66' title='bbox 617 834 739 883; x_wconf 79' lang='lat' dir='ltr'>memoria</span> <span class='ocrx_word' id='word_1_67' title='bbox 755 834 857 901; x_wconf 88' lang='lat' dir='ltr'>periculi</span> 
     </span>
     <span class='ocr_line' id='line_1_10' title="bbox 94 912 857 981; baseline 0.008 -23"><span class='ocrx_word' id='word_1_68' title='bbox 94 912 202 961; x_wconf 77' lang='lat' dir='ltr'>animis.</span> <span class='ocrx_word' id='word_1_69' title='bbox 236 914 286 964; x_wconf 85' lang='lat' dir='ltr'>Hic</span> <span class='ocrx_word' id='word_1_70' title='bbox 304 915 387 981; x_wconf 81' lang='lat' dir='ltr'>primo</span> <span class='ocrx_word' id='word_1_71' title='bbox 403 914 510 981; x_wconf 80' lang='lat' dir='ltr'>impetun</span> <span class='ocrx_word' id='word_1_72' title='bbox 530 914 607 981; x_wconf 76' lang='lat' dir='ltr'>prope</span> <span class='ocrx_word' id='word_1_73' title='bbox 626 924 715 961; x_wconf 73' lang='lat' dir='ltr'>vecors</span> <span class='ocrx_word' id='word_1_74' title='bbox 743 913 857 963; x_wconf 80' lang='lat' dir='ltr'>turbavit</span> 
     </span>
     <span class='ocr_line' id='line_1_11' title="bbox 99 989 858 1059; baseline 0.004 -22"><span class='ocrx_word' id='word_1_75' title='bbox 99 989 202 1039; x_wconf 82' lang='lat' dir='ltr'>hostes:</span> <span class='ocrx_word' id='word_1_76' title='bbox 219 1004 295 1057; x_wconf 80' lang='lat' dir='ltr'>eques</span> <span class='ocrx_word' id='word_1_77' title='bbox 311 991 400 1041; x_wconf 88' lang='lat' dir='ltr'>deinde</span> <span class='ocrx_word' id='word_1_78' title='bbox 419 990 516 1041; x_wconf 79' lang='lat' dir='ltr'>emissus</span> <span class='ocrx_word' id='word_1_79' title='bbox 536 989 648 1040; x_wconf 82' lang='lat' dir='ltr'>turbatos</span> <span class='ocrx_word' id='word_1_80' title='bbox 664 992 767 1040; x_wconf 74' lang='lat' dir='ltr'>avertit,</span> <span class='ocrx_word' id='word_1_81' title='bbox 802 992 858 1059; x_wconf 86' lang='lat' dir='ltr'>Ipse</span> 
     </span>
     <span class='ocr_line' id='line_1_12' title="bbox 97 1061 856 1135; baseline 0.003 -20"><span class='ocrx_word' id='word_1_82' title='bbox 97 1064 221 1129; x_wconf 70' lang='lat' dir='ltr'>uitiator,</span> <span class='ocrx_word' id='word_1_83' title='bbox 237 1066 364 1135; x_wconf 82' lang='lat' dir='ltr'>postquam</span> <span class='ocrx_word' id='word_1_84' title='bbox 376 1068 501 1117; x_wconf 73' lang='lat' dir='ltr'>labantem</span> <span class='ocrx_word' id='word_1_85' title='bbox 512 1067 561 1115; x_wconf 71' lang='lat' dir='ltr'>uni</span> <span class='ocrx_word' id='word_1_86' title='bbox 573 1061 642 1133; x_wconf 69' lang='lat' dir='ltr'>parte</span> <span class='ocrx_word' id='word_1_87' title='bbox 654 1066 720 1116; x_wconf 84' lang='lat' dir='ltr'>vidit</span> <span class='ocrx_word' id='word_1_88' title='bbox 730 1068 816 1131; x_wconf 85' lang='lat' dir='ltr'>aciem,</span> <span class='ocrx_word' id='word_1_89' title='bbox 827 1067 856 1117; x_wconf 82' lang='lat' dir='ltr'>st·</span> 
     </span>
     <span class='ocr_line' id='line_1_13' title="bbox 100 1144 855 1209; baseline 0.004 -17"><span class='ocrx_word' id='word_1_90' title='bbox 100 1159 153 1207; x_wconf 79' lang='lat' dir='ltr'>gna</span> <span class='ocrx_word' id='word_1_91' title='bbox 165 1146 193 1193; x_wconf 91' lang='lat' dir='ltr'>in</span> <span class='ocrx_word' id='word_1_92' title='bbox 204 1146 383 1196; x_wconf 74' lang='lat' dir='ltr'>larumcornu</span> <span class='ocrx_word' id='word_1_93' title='bbox 393 1145 498 1208; x_wconf 77' lang='lat' dir='ltr'>confert,</span> <span class='ocrx_word' id='word_1_94' title='bbox 511 1146 561 1209; x_wconf 83' lang='lat' dir='ltr'>qud</span> <span class='ocrx_word' id='word_1_95' title='bbox 570 1144 669 1193; x_wconf 81' lang='lat' dir='ltr'>curbam</span> <span class='ocrx_word' id='word_1_96' title='bbox 678 1144 785 1195; x_wconf 87' lang='lat' dir='ltr'>holliurn</span> <span class='ocrx_word' id='word_1_97' title='bbox 794 1160 855 1196; x_wconf 87' lang='lat' dir='ltr'>con·</span> 
     </span>
     <span class='ocr_line' id='line_1_14' title="bbox 99 1220 906 1288; baseline 0 -17"><span class='ocrx_word' id='word_1_98' title='bbox 99 1220 856 1288; x_wconf 72' lang='lat' dir='ltr'>gregarieerneba15&amp;iis,quiinmonteerant,srgnum,quod</span> <span class='ocrx_word' id='word_1_99' title='bbox 902 1278 906 1285; x_wconf 32' lang='lat'><strong><em>¹</em></strong></span> 
     </span>
     <span class='ocr_line' id='line_1_15' title="bbox 97 1299 855 1367; baseline 0.003 -20"><span class='ocrx_word' id='word_1_100' title='bbox 97 1310 266 1364; x_wconf 85' lang='lat' dir='ltr'>convenerat,</span> <span class='ocrx_word' id='word_1_101' title='bbox 283 1300 360 1351; x_wconf 82' lang='lat' dir='ltr'>dedit.</span> <span class='ocrx_word' id='word_1_102' title='bbox 377 1302 426 1351; x_wconf 89' lang='lat' dir='ltr'>Ubi</span> <span class='ocrx_word' id='word_1_103' title='bbox 437 1299 495 1350; x_wconf 87' lang='lat' dir='ltr'>inde</span> <span class='ocrx_word' id='word_1_104' title='bbox 510 1313 610 1367; x_wconf 88' lang='lat' dir='ltr'>quoque</span> <span class='ocrx_word' id='word_1_105' title='bbox 621 1312 702 1349; x_wconf 84' lang='lat' dir='ltr'>novus</span> <span class='ocrx_word' id='word_1_106' title='bbox 711 1300 804 1350; x_wconf 85' lang='lat' dir='ltr'>clamor</span> <span class='ocrx_word' id='word_1_107' title='bbox 813 1312 855 1351; x_wconf 82' lang='lat' dir='ltr'>or-</span> 
     </span>
     <span class='ocr_line' id='line_1_16' title="bbox 99 1375 855 1445; baseline 0.005 -19"><span class='ocrx_word' id='word_1_108' title='bbox 99 1385 151 1441; x_wconf 77' lang='lat' dir='ltr'>tus,</span> <span class='ocrx_word' id='word_1_109' title='bbox 171 1378 303 1428; x_wconf 84' lang='lat' dir='ltr'>&amp;tendere</span> <span class='ocrx_word' id='word_1_110' title='bbox 314 1380 418 1445; x_wconf 90' lang='lat' dir='ltr'>obliquo</span> <span class='ocrx_word' id='word_1_111' title='bbox 428 1390 516 1429; x_wconf 87' lang='lat' dir='ltr'>monte</span> <span class='ocrx_word' id='word_1_112' title='bbox 533 1375 564 1426; x_wconf 89' lang='lat' dir='ltr'>ad</span> <span class='ocrx_word' id='word_1_113' title='bbox 575 1376 650 1427; x_wconf 87' lang='lat' dir='ltr'>casira</span> <span class='ocrx_word' id='word_1_114' title='bbox 668 1378 797 1427; x_wconf 83' lang='lat' dir='ltr'>Gallorum</span> <span class='ocrx_word' id='word_1_115' title='bbox 808 1378 855 1429; x_wconf 76' lang='lat' dir='ltr'>visi</span> 
     </span>
     <span class='ocr_line' id='line_1_17' title="bbox 98 1452 853 1525; baseline 0.005 -22"><span class='ocrx_word' id='word_1_116' title='bbox 98 1452 178 1515; x_wconf 80' lang='lat' dir='ltr'>sunt3</span> <span class='ocrx_word' id='word_1_117' title='bbox 195 1465 250 1505; x_wconf 85' lang='lat' dir='ltr'>tum</span> <span class='ocrx_word' id='word_1_118' title='bbox 261 1469 337 1521; x_wconf 88' lang='lat' dir='ltr'>metu,</span> <span class='ocrx_word' id='word_1_119' title='bbox 357 1473 388 1507; x_wconf 90' lang='lat' dir='ltr'>ne</span> <span class='ocrx_word' id='word_1_120' title='bbox 396 1456 594 1518; x_wconf 86' lang='lat' dir='ltr'>excluderentur,</span> <span class='ocrx_word' id='word_1_121' title='bbox 612 1454 698 1505; x_wconf 85' lang='lat' dir='ltr'>omissa</span> <span class='ocrx_word' id='word_1_122' title='bbox 712 1472 794 1525; x_wconf 84' lang='lat' dir='ltr'>pugna</span> <span class='ocrx_word' id='word_1_123' title='bbox 810 1458 853 1521; x_wconf 87' lang='lat' dir='ltr'>esi,</span> 
     </span>
     <span class='ocr_line' id='line_1_18' title="bbox 100 1533 854 1600; baseline 0.007 -19"><span class='ocrx_word' id='word_1_124' title='bbox 100 1534 227 1599; x_wconf 84' lang='lat' dir='ltr'>cursuque</span> <span class='ocrx_word' id='word_1_125' title='bbox 236 1533 314 1585; x_wconf 84' lang='lat' dir='ltr'>effuso</span> <span class='ocrx_word' id='word_1_126' title='bbox 325 1535 356 1584; x_wconf 86' lang='lat' dir='ltr'>ad</span> <span class='ocrx_word' id='word_1_127' title='bbox 368 1536 443 1585; x_wconf 83' lang='lat' dir='ltr'>casira</span> <span class='ocrx_word' id='word_1_128' title='bbox 449 1533 604 1583; x_wconf 83' lang='lat' dir='ltr'>serebantur.</span> <span class='ocrx_word' id='word_1_129' title='bbox 622 1533 666 1583; x_wconf 81' lang='lat' dir='ltr'>ubi</span> <span class='ocrx_word' id='word_1_130' title='bbox 678 1550 755 1600; x_wconf 87' lang='lat' dir='ltr'>quum</span> <span class='ocrx_word' id='word_1_131' title='bbox 766 1551 854 1586; x_wconf 90' lang='lat' dir='ltr'>occut-</span> 
     </span>
     <span class='ocr_line' id='line_1_19' title="bbox 100 1602 854 1679; baseline 0.004 -19"><span class='ocrx_word' id='word_1_132' title='bbox 100 1602 172 1661; x_wconf 84' lang='lat' dir='ltr'>risset</span> <span class='ocrx_word' id='word_1_133' title='bbox 183 1614 220 1661; x_wconf 79' lang='lat' dir='ltr'>eie</span> <span class='ocrx_word' id='word_1_134' title='bbox 236 1617 274 1663; x_wconf 89' lang='lat' dir='ltr'>M.</span> <span class='ocrx_word' id='word_1_135' title='bbox 288 1616 409 1678; x_wconf 86' lang='lat' dir='ltr'>Valerius,</span> <span class='ocrx_word' id='word_1_136' title='bbox 425 1612 539 1677; x_wconf 82' lang='lat' dir='ltr'>magister</span> <span class='ocrx_word' id='word_1_137' title='bbox 550 1612 670 1677; x_wconf 89' lang='lat' dir='ltr'>equitum,</span> <span class='ocrx_word' id='word_1_138' title='bbox 688 1613 750 1677; x_wconf 86' lang='lat' dir='ltr'>(qui,</span> <span class='ocrx_word' id='word_1_139' title='bbox 767 1614 854 1679; x_wconf 85' lang='lat' dir='ltr'>profli-</span> 
     </span>
     <span class='ocr_line' id='line_1_20' title="bbox 100 1690 854 1757; baseline -0.003 -16"><span class='ocrx_word' id='word_1_140' title='bbox 100 1700 165 1755; x_wconf 75' lang='lat' dir='ltr'>gato</span> <span class='ocrx_word' id='word_1_141' title='bbox 181 1690 272 1741; x_wconf 79' lang='lat' dir='ltr'>dextro</span> <span class='ocrx_word' id='word_1_142' title='bbox 282 1708 370 1757; x_wconf 83' lang='lat' dir='ltr'>cornu,</span> <span class='ocrx_word' id='word_1_143' title='bbox 385 1690 548 1756; x_wconf 80' lang='lat' dir='ltr'>obequitabat</span> <span class='ocrx_word' id='word_1_144' title='bbox 566 1690 671 1741; x_wconf 85' lang='lat' dir='ltr'>hostium</span> <span class='ocrx_word' id='word_1_145' title='bbox 683 1690 854 1756; x_wconf 72' lang='lat' dir='ltr'>munimentis)</span> 
     </span>
     <span class='ocr_line' id='line_1_21' title="bbox 101 1765 854 1836; baseline 0.003 -19"><span class='ocrx_word' id='word_1_146' title='bbox 101 1768 135 1818; x_wconf 89' lang='lat' dir='ltr'>ad</span> <span class='ocrx_word' id='word_1_147' title='bbox 146 1778 246 1819; x_wconf 80' lang='lat' dir='ltr'>montes</span> <span class='ocrx_word' id='word_1_148' title='bbox 262 1765 381 1836; x_wconf 73' lang='lat' dir='ltr'>silvasque</span> <span class='ocrx_word' id='word_1_149' title='bbox 397 1780 499 1820; x_wconf 86' lang='lat' dir='ltr'>vertunt</span> <span class='ocrx_word' id='word_1_150' title='bbox 509 1768 594 1833; x_wconf 77' lang='lat' dir='ltr'>sugant</span> <span class='ocrx_word' id='word_1_151' title='bbox 605 1786 611 1817; x_wconf 76' lang='grc' dir='ltr'><strong>ε</strong></span> <span class='ocrx_word' id='word_1_152' title='bbox 631 1768 780 1834; x_wconf 83' lang='lat' dir='ltr'>plurimique</span> <span class='ocrx_word' id='word_1_153' title='bbox 791 1768 854 1819; x_wconf 71' lang='lat' dir='ltr'>ibici</span> 
     </span>
     <span class='ocr_line' id='line_1_22' title="bbox 101 1840 853 1913; baseline 0 -18"><span class='ocrx_word' id='word_1_154' title='bbox 101 1844 186 1895; x_wconf 82' lang='lat' dir='ltr'>saliani</span> <span class='ocrx_word' id='word_1_155' title='bbox 197 1848 308 1911; x_wconf 85' lang='lat' dir='ltr'>equitum</span> <span class='ocrx_word' id='word_1_156' title='bbox 317 1846 404 1913; x_wconf 84' lang='lat' dir='ltr'>specie</span> <span class='ocrx_word' id='word_1_157' title='bbox 421 1843 617 1910; x_wconf 80' lang='lat' dir='ltr'>agasonibusque</span> <span class='ocrx_word' id='word_1_158' title='bbox 629 1844 727 1910; x_wconf 87' lang='lat' dir='ltr'>excepti</span> <span class='ocrx_word' id='word_1_159' title='bbox 739 1840 809 1893; x_wconf 80' lang='lat' dir='ltr'>sunt:</span> <span class='ocrx_word' id='word_1_160' title='bbox 827 1844 853 1895; x_wconf 72' lang='lat' dir='ltr'>se</span> 
     </span>
     <span class='ocr_line' id='line_1_23' title="bbox 100 1916 853 1991; baseline 0.003 -21"><span class='ocrx_word' id='word_1_161' title='bbox 100 1936 201 1985; x_wconf 81' lang='lat' dir='ltr'>comm,</span> <span class='ocrx_word' id='word_1_162' title='bbox 218 1940 279 1988; x_wconf 83' lang='lat' dir='ltr'>quos</span> <span class='ocrx_word' id='word_1_163' title='bbox 299 1940 379 1991; x_wconf 86' lang='lat' dir='ltr'>pavor</span> <span class='ocrx_word' id='word_1_164' title='bbox 398 1921 532 1990; x_wconf 82' lang='lat' dir='ltr'>pertulerat</span> <span class='ocrx_word' id='word_1_165' title='bbox 551 1922 577 1970; x_wconf 89' lang='lat' dir='ltr'>in</span> <span class='ocrx_word' id='word_1_166' title='bbox 595 1916 674 1983; x_wconf 60' lang='lat' dir='ltr'>silvan</span> <span class='ocrx_word' id='word_1_167' title='bbox 691 1931 765 1970; x_wconf 84' lang='lat' dir='ltr'>atrox</span> <span class='ocrx_word' id='word_1_168' title='bbox 777 1920 853 1973; x_wconf 81' lang='lat' dir='ltr'>caedes</span> 
     </span>
     <span class='ocr_line' id='line_1_24' title="bbox 102 1996 852 2070; baseline -0.001 -21"><span class='ocrx_word' id='word_1_169' title='bbox 102 2000 158 2067; x_wconf 88' lang='lat' dir='ltr'>posi</span> <span class='ocrx_word' id='word_1_170' title='bbox 168 2000 278 2051; x_wconf 84' lang='lat' dir='ltr'>sedatum</span> <span class='ocrx_word' id='word_1_171' title='bbox 289 2002 402 2070; x_wconf 81' lang='lat' dir='ltr'>proelirrm</span> <span class='ocrx_word' id='word_1_172' title='bbox 412 2000 470 2050; x_wconf 84' lang='lat' dir='ltr'>suit.</span> <span class='ocrx_word' id='word_1_173' title='bbox 489 2000 543 2049; x_wconf 87' lang='lat' dir='ltr'>Nec</span> <span class='ocrx_word' id='word_1_174' title='bbox 555 1998 615 2047; x_wconf 85' lang='lat' dir='ltr'>alius</span> <span class='ocrx_word' id='word_1_175' title='bbox 627 1996 679 2065; x_wconf 89' lang='lat' dir='ltr'>post</span> <span class='ocrx_word' id='word_1_176' title='bbox 692 2000 729 2047; x_wconf 91' lang='lat' dir='ltr'>M.</span> <span class='ocrx_word' id='word_1_177' title='bbox 741 2000 760 2047; x_wconf 83' lang='lat' dir='ltr'>F</span> <span class='ocrx_word' id='word_1_178' title='bbox 761 1998 852 2065; x_wconf 88' lang='lat' dir='ltr'>urium,</span> 
     </span>
     <span class='ocr_line' id='line_1_25' title="bbox 103 2073 852 2147; baseline -0.001 -20"><span class='ocrx_word' id='word_1_179' title='bbox 103 2081 178 2142; x_wconf 72' lang='lat' dir='ltr'>quarn</span> <span class='ocrx_word' id='word_1_180' title='bbox 197 2082 226 2128; x_wconf 81' lang='lat' dir='ltr'>C-</span> <span class='ocrx_word' id='word_1_181' title='bbox 245 2076 373 2147; x_wconf 74' lang='lat' dir='ltr'>Sulpicius,</span> <span class='ocrx_word' id='word_1_182' title='bbox 398 2078 525 2141; x_wconf 82' lang='lat' dir='ltr'>justiorem</span> <span class='ocrx_word' id='word_1_183' title='bbox 541 2074 572 2124; x_wconf 91' lang='lat' dir='ltr'>de</span> <span class='ocrx_word' id='word_1_184' title='bbox 590 2073 667 2123; x_wconf 85' lang='lat' dir='ltr'>Gallis</span> <span class='ocrx_word' id='word_1_185' title='bbox 685 2074 736 2139; x_wconf 78' lang='lat' dir='ltr'>epit</span> <span class='ocrx_word' id='word_1_186' title='bbox 763 2075 852 2126; x_wconf 87' lang='lat' dir='ltr'>trium·</span> 
     </span>
     <span class='ocr_line' id='line_1_26' title="bbox 102 2150 852 2223; baseline 0.004 -21"><span class='ocrx_word' id='word_1_187' title='bbox 102 2155 191 2221; x_wconf 89' lang='lat' dir='ltr'>phum.</span> <span class='ocrx_word' id='word_1_188' title='bbox 208 2157 262 2205; x_wconf 91' lang='lat' dir='ltr'>auri</span> <span class='ocrx_word' id='word_1_189' title='bbox 280 2172 381 2223; x_wconf 88' lang='lat' dir='ltr'>quoque</span> <span class='ocrx_word' id='word_1_190' title='bbox 391 2170 425 2205; x_wconf 88' lang='lat' dir='ltr'>ex</span> <span class='ocrx_word' id='word_1_191' title='bbox 442 2154 544 2205; x_wconf 84' lang='lat' dir='ltr'>Gallicis</span> <span class='ocrx_word' id='word_1_192' title='bbox 565 2152 648 2218; x_wconf 69' lang='lat' dir='ltr'>spoliis</span> <span class='ocrx_word' id='word_1_193' title='bbox 659 2150 715 2201; x_wconf 82' lang='lat' dir='ltr'>satis</span> <span class='ocrx_word' id='word_1_194' title='bbox 732 2168 852 2221; x_wconf 79' lang='lat' dir='ltr'>magnunt</span> 
     </span>
     <span class='ocr_line' id='line_1_27' title="bbox 103 2231 850 2301; baseline 0.003 -20"><span class='ocrx_word' id='word_1_195' title='bbox 103 2231 211 2299; x_wconf 80' lang='lat' dir='ltr'>pondcu,</span> <span class='ocrx_word' id='word_1_196' title='bbox 226 2234 289 2285; x_wconf 86' lang='lat' dir='ltr'>saxo</span> <span class='ocrx_word' id='word_1_197' title='bbox 300 2234 420 2301; x_wconf 80' lang='lat' dir='ltr'>quadrato</span> <span class='ocrx_word' id='word_1_198' title='bbox 432 2232 537 2299; x_wconf 84' lang='lat' dir='ltr'>septum,</span> <span class='ocrx_word' id='word_1_199' title='bbox 554 2232 581 2280; x_wconf 89' lang='lat' dir='ltr'>in</span> <span class='ocrx_word' id='word_1_200' title='bbox 594 2231 720 2297; x_wconf 88' lang='lat' dir='ltr'>Capitolio</span> <span class='ocrx_word' id='word_1_201' title='bbox 734 2231 850 2283; x_wconf 84' lang='lat' dir='ltr'>sacravit.</span> 
     </span>
     <span class='ocr_line' id='line_1_28' title="bbox 103 2309 850 2363; baseline 0.003 -4"><span class='ocrx_word' id='word_1_202' title='bbox 103 2309 200 2360; x_wconf 84' lang='lat' dir='ltr'>Eodem</span> <span class='ocrx_word' id='word_1_203' title='bbox 216 2328 283 2363; x_wconf 88' lang='lat' dir='ltr'>anno</span> <span class='ocrx_word' id='word_1_204' title='bbox 299 2314 323 2362; x_wconf 71' lang='grc' dir='ltr'><strong><em>ἃ</em></strong></span> <span class='ocrx_word' id='word_1_205' title='bbox 341 2319 356 2362; x_wconf 78' lang='lat' dir='ltr'>a</span> <span class='ocrx_word' id='word_1_206' title='bbox 373 2310 514 2361; x_wconf 83' lang='lat' dir='ltr'>consulibus</span> <span class='ocrx_word' id='word_1_207' title='bbox 526 2309 597 2359; x_wconf 86' lang='lat' dir='ltr'>vario</span> <span class='ocrx_word' id='word_1_208' title='bbox 614 2319 708 2360; x_wconf 88' lang='lat' dir='ltr'>eventu</span> <span class='ocrx_word' id='word_1_209' title='bbox 723 2310 850 2361; x_wconf 86' lang='lat' dir='ltr'>bellatum.</span> 
     </span>
     <span class='ocr_line' id='line_1_29' title="bbox 103 2384 889 2453; baseline 0.003 -16"><span class='ocrx_word' id='word_1_210' title='bbox 103 2400 162 2437; x_wconf 84' lang='lat' dir='ltr'>nam</span> <span class='ocrx_word' id='word_1_211' title='bbox 174 2390 275 2439; x_wconf 85' lang='lat' dir='ltr'>Hernici</span> <span class='ocrx_word' id='word_1_212' title='bbox 286 2397 301 2441; x_wconf 78' lang='lat' dir='ltr'>a</span> <span class='ocrx_word' id='word_1_213' title='bbox 313 2395 342 2440; x_wconf 83' lang='lat' dir='ltr'>C.</span> <span class='ocrx_word' id='word_1_214' title='bbox 355 2390 452 2439; x_wconf 83' lang='lat' dir='ltr'>Plautio</span> <span class='ocrx_word' id='word_1_215' title='bbox 463 2385 555 2437; x_wconf 70' lang='lat' dir='ltr'>devicti</span> <span class='ocrx_word' id='word_1_216' title='bbox 568 2384 709 2453; x_wconf 65' lang='lat' dir='ltr'>subactique</span> <span class='ocrx_word' id='word_1_217' title='bbox 721 2386 785 2437; x_wconf 88' lang='lat' dir='ltr'>sunt.</span> <span class='ocrx_word' id='word_1_218' title='bbox 803 2390 851 2439; x_wconf 79' lang='lat' dir='ltr'>ra·</span> <span class='ocrx_word' id='word_1_219' title='bbox 885 2418 889 2429; x_wconf 89' lang='lat'>·</span> 
     </span>
     <span class='ocr_line' id='line_1_30' title="bbox 102 2462 851 2531; baseline 0.001 -15"><span class='ocrx_word' id='word_1_220' title='bbox 102 2465 159 2516; x_wconf 82' lang='lat' dir='ltr'>bins</span> <span class='ocrx_word' id='word_1_221' title='bbox 178 2466 273 2531; x_wconf 78' lang='lat' dir='ltr'>collega</span> <span class='ocrx_word' id='word_1_222' title='bbox 292 2468 344 2531; x_wconf 74' lang='lat' dir='ltr'>einr</span> <span class='ocrx_word' id='word_1_223' title='bbox 367 2468 465 2516; x_wconf 76' lang='lat' dir='ltr'>incaute</span> <span class='ocrx_word' id='word_1_224' title='bbox 484 2473 559 2529; x_wconf 89' lang='lat' dir='ltr'>atque</span> <span class='ocrx_word' id='word_1_225' title='bbox 579 2462 715 2513; x_wconf 82' lang='lat' dir='ltr'>inconsulte</span> <span class='ocrx_word' id='word_1_226' title='bbox 734 2464 851 2517; x_wconf 78' lang='lat' dir='ltr'>adversus</span> 
     </span>
     <span class='ocr_line' id='line_1_31' title="bbox 103 2541 851 2614; baseline 0 -19"><span class='ocrx_word' id='word_1_227' title='bbox 103 2545 295 2611; x_wconf 78' lang='lat' dir='ltr'>Tarquinienses</span> <span class='ocrx_word' id='word_1_228' title='bbox 306 2547 443 2614; x_wconf 81' lang='lat' dir='ltr'>pugnavit:</span> <span class='ocrx_word' id='word_1_229' title='bbox 462 2558 508 2593; x_wconf 88' lang='lat' dir='ltr'>nec</span> <span class='ocrx_word' id='word_1_230' title='bbox 519 2544 545 2591; x_wconf 90' lang='lat' dir='ltr'>in</span> <span class='ocrx_word' id='word_1_231' title='bbox 557 2542 610 2591; x_wconf 89' lang='lat' dir='ltr'>acie</span> <span class='ocrx_word' id='word_1_232' title='bbox 621 2550 717 2593; x_wconf 84' lang='lat' dir='ltr'>tantum</span> <span class='ocrx_word' id='word_1_233' title='bbox 729 2541 765 2591; x_wconf 88' lang='lat' dir='ltr'>ibi</span> <span class='ocrx_word' id='word_1_234' title='bbox 776 2543 851 2595; x_wconf 81' lang='lat' dir='ltr'>cladis</span> 
     </span>
     <span class='ocr_line' id='line_1_32' title="bbox 102 2618 849 2689; baseline 0 -16"><span class='ocrx_word' id='word_1_235' title='bbox 102 2632 242 2689; x_wconf 88' lang='lat' dir='ltr'>acceptum,</span> <span class='ocrx_word' id='word_1_236' title='bbox 258 2628 332 2689; x_wconf 72' lang='lat' dir='ltr'>quam</span> <span class='ocrx_word' id='word_1_237' title='bbox 342 2622 408 2688; x_wconf 82' lang='lat' dir='ltr'>quod</span> <span class='ocrx_word' id='word_1_238' title='bbox 420 2630 543 2671; x_wconf 81' lang='lat' dir='ltr'>trecentos</span> <span class='ocrx_word' id='word_1_239' title='bbox 553 2618 646 2685; x_wconf 88' lang='lat' dir='ltr'>septem</span> <span class='ocrx_word' id='word_1_240' title='bbox 656 2619 746 2669; x_wconf 79' lang='lat' dir='ltr'>milites</span> <span class='ocrx_word' id='word_1_241' title='bbox 758 2622 849 2673; x_wconf 86' lang='lat' dir='ltr'>Rotna-</span> 
     </span>
     <span class='ocr_line' id='line_1_33' title="bbox 103 2694 850 2766; baseline 0.001 -16"><span class='ocrx_word' id='word_1_242' title='bbox 103 2715 151 2757; x_wconf 74' lang='lat' dir='ltr'>noe</span> <span class='ocrx_word' id='word_1_243' title='bbox 164 2708 252 2765; x_wconf 81' lang='lat' dir='ltr'>captos</span> <span class='ocrx_word' id='word_1_244' title='bbox 270 2694 462 2766; x_wconf 77' lang='lat' dir='ltr'>Tarquinienses</span> <span class='ocrx_word' id='word_1_245' title='bbox 477 2696 648 2747; x_wconf 76' lang='lat' dir='ltr'>immolirunt.</span> <span class='ocrx_word' id='word_1_246' title='bbox 673 2698 722 2763; x_wconf 62' lang='lat' dir='ltr'>qui</span> <span class='ocrx_word' id='word_1_247' title='bbox 741 2696 850 2751; x_wconf 78' lang='lat' dir='ltr'>sceditate</span> 
     </span>
     <span class='ocr_line' id='line_1_34' title="bbox 103 2774 849 2844; baseline 0 -17"><span class='ocrx_word' id='word_1_248' title='bbox 103 2777 219 2843; x_wconf 87' lang='lat' dir='ltr'>supplicii</span> <span class='ocrx_word' id='word_1_249' title='bbox 229 2776 354 2844; x_wconf 78' lang='lat' dir='ltr'>aliquanto</span> <span class='ocrx_word' id='word_1_250' title='bbox 365 2775 504 2841; x_wconf 80' lang='lat' dir='ltr'>ignominia</span> <span class='ocrx_word' id='word_1_251' title='bbox 515 2774 602 2841; x_wconf 87' lang='lat' dir='ltr'>populi</span> <span class='ocrx_word' id='word_1_252' title='bbox 614 2776 720 2825; x_wconf 83' lang='lat' dir='ltr'>Romani</span> <span class='ocrx_word' id='word_1_253' title='bbox 731 2776 849 2841; x_wconf 78' lang='lat' dir='ltr'>insigniti-</span> 
     </span>
     <span class='ocr_line' id='line_1_35' title="bbox 103 2852 850 2907; baseline 0 -2"><span class='ocrx_word' id='word_1_254' title='bbox 103 2870 134 2905; x_wconf 90' lang='lat' dir='ltr'>or</span> <span class='ocrx_word' id='word_1_255' title='bbox 143 2855 201 2904; x_wconf 85' lang='lat' dir='ltr'>suit.</span> <span class='ocrx_word' id='word_1_256' title='bbox 236 2854 340 2907; x_wconf 82' lang='lat' dir='ltr'>Accessit</span> <span class='ocrx_word' id='word_1_257' title='bbox 358 2856 390 2907; x_wconf 88' lang='lat' dir='ltr'>ad</span> <span class='ocrx_word' id='word_1_258' title='bbox 400 2868 456 2904; x_wconf 78' lang='lat' dir='ltr'>eam</span> <span class='ocrx_word' id='word_1_259' title='bbox 472 2852 567 2903; x_wconf 86' lang='lat' dir='ltr'>cladem</span> <span class='ocrx_word' id='word_1_260' title='bbox 584 2853 609 2903; x_wconf 81' lang='lat' dir='ltr'>de</span> <span class='ocrx_word' id='word_1_261' title='bbox 626 2852 730 2905; x_wconf 79' lang='lat' dir='ltr'>vastatio</span> <span class='ocrx_word' id='word_1_262' title='bbox 742 2857 850 2906; x_wconf 84' lang='lat' dir='ltr'>Romani</span> 
     </span>
     <span class='ocr_line' id='line_1_36' title="bbox 101 2930 849 2998; baseline 0.001 -16"><span class='ocrx_word' id='word_1_263' title='bbox 101 2933 165 2996; x_wconf 75' lang='lat' dir='ltr'>agri,</span> <span class='ocrx_word' id='word_1_264' title='bbox 182 2947 256 2998; x_wconf 81' lang='lat' dir='ltr'>quam</span> <span class='ocrx_word' id='word_1_265' title='bbox 275 2933 439 2996; x_wconf 79' lang='lat' dir='ltr'>Privernates,</span> <span class='ocrx_word' id='word_1_266' title='bbox 457 2932 580 2982; x_wconf 87' lang='lat' dir='ltr'>Veliterni</span> <span class='ocrx_word' id='word_1_267' title='bbox 599 2930 694 2996; x_wconf 89' lang='lat' dir='ltr'>deinde,</span> <span class='ocrx_word' id='word_1_268' title='bbox 711 2932 849 2983; x_wconf 75' lang='lat' dir='ltr'>incursione</span> 
     </span>
    </p>
   </div>
   <div class='ocr_carea' id='block_1_3' title="bbox 102 3010 847 3146">
    <p class='ocr_par' dir='ltr' id='par_1_3' title="bbox 102 3010 847 3146">
     <span class='ocr_line' id='line_1_37' title="bbox 102 3010 847 3128; baseline -0.032 -45"><span class='ocrx_word' id='word_1_269' title='bbox 102 3012 231 3081; x_wconf 56' lang='lat' dir='ltr'>”nunna</span> <span class='ocrx_word' id='word_1_270' title='bbox 245 3011 364 3069; x_wconf 78' lang='lat' dir='ltr'>iecerunt.</span> <span class='ocrx_word' id='word_1_271' title='bbox 397 3011 493 3068; x_wconf 79' lang='lat' dir='ltr'>Eodem</span> <span class='ocrx_word' id='word_1_272' title='bbox 511 3027 577 3068; x_wconf 83' lang='lat' dir='ltr'>anno</span> <span class='ocrx_word' id='word_1_273' title='bbox 597 3010 651 3067; x_wconf 80' lang='lat' dir='ltr'>duae</span> <span class='ocrx_word' id='word_1_274' title='bbox 670 3010 756 3077; x_wconf 81' lang='lat' dir='ltr'>tribus,</span> <span class='ocrx_word' id='word_1_275' title='bbox 773 3014 847 3128; x_wconf 71' lang='lat' dir='ltr'>Bpm·</span> 
     </span>
     <span class='ocr_line' id='line_1_38' title="bbox 148 3091 847 3146; baseline -0.023 -1"><span class='ocrx_word' id='word_1_276' title='bbox 148 3120 153 3129; x_wconf 93' lang='lat'><em>·</em></span> <span class='ocrx_word' id='word_1_277' title='bbox 779 3091 847 3146; x_wconf 77' lang='lat' dir='ltr'>pina</span> 
     </span>
    </p>
   </div>
   <div class='ocr_carea' id='block_1_4' title="bbox 0 0 1001 3692">
    <p class='ocr_par' dir='ltr' id='par_1_4' title="bbox 0 0 1001 3692">
     <span class='ocr_line' id='line_1_39' title="bbox 0 0 1001 3692; baseline 0 0"><span class='ocrx_word' id='word_1_278' title='bbox 0 0 1001 3692; x_wconf 95' lang='lat' dir='ltr'> </span> 
     </span>
    </p>
   </div>
  </div>
 </body>
</html>
