1992 3692
77 327 114 378 te,
132 315 177 366 sed
192 332 227 368 ne
240 319 335 371 italicae
347 328 447 389 quidem
463 332 556 399 stirpis3
572 345 626 386 tum
637 337 769 405 impensius
788 346 827 395 hie

74 390 204 457 indignitas
213 397 331 464 crescere,
343 402 359 451 si
369 419 400 452 ne
411 406 443 456 ab
455 411 594 474 Tarquinio
600 413 699 476 quidem
711 417 742 466 ad
753 419 778 467 se
788 435 826 468 re-

74 467 133 518 diret
143 488 258 538 regnum,
277 477 318 526 sed
332 495 440 548 praeceps
448 484 506 548 inde
517 491 592 552 pono
602 487 633 536 ad
644 491 743 541 servitia
754 494 826 544 cade·

73 556 124 594 ret:
142 560 169 596 ut
181 550 208 598 in
219 551 308 600 eadem
319 555 422 606 civitate
433 559 486 623 post
497 561 653 613 centefimum
661 564 712 616 iere
722 585 824 636 annum,

73 626 144 684 quam
151 626 283 690 Romulus,
294 631 350 679 Deo
362 645 505 700 prognatus,
521 639 589 686 Deus
599 639 657 705 ipse,
669 647 777 695 tenuerit
784 663 836 702 re-,

72 712 155 764 gnum,
172 702 254 752 donec
265 706 291 754 in
304 711 373 758 terris
384 709 466 776 suerit,
478 713 503 761 id
514 713 598 764 servus
606 717 675 766 serve
684 731 755 771 natus
766 723 831 790 pos-¹

72 771 152 823 iideat.
179 787 234 826 tum
246 795 379 832 commune
390 789 498 836 Romani
509 790 624 852 nomime,
640 800 693 841 tum
702 800 823 864 precipue

72 845 95 896 id
105 847 194 900 domins
211 853 260 904 suae
270 856 373 908 dedecus
390 861 452 925 sore,
471 862 496 926 fi,
516 866 580 914 Anci
590 867 655 930 regis
668 871 735 920 virili
749 873 822 942 stirpe

7 975 9 990 ‚
71 924 143 990 salva,
154 945 208 979 non
219 933 297 982 modu
305 935 415 1001 advenis,
425 939 464 987 sed
476 939 525 988 sert
531 942 551 989 is
562 943 645 1007 etiam,
653 959 756 1010 regnum
767 953 821 1000 Ro·

70 1014 114 1050 mae
125 1016 230 1069 pateret.
250 1012 325 1061 Ferro
342 1014 420 1078 igitur
430 1032 483 1066 eam
494 1033 576 1066 arcere
588 1025 763 1074 contumeliam
773 1026 828 1076 sta·.

69 1086 147 1131 tuunt.
175 1084 222 1134 Sed
231 1087 259 1136 8<
270 1089 365 1152 injuriae
376 1092 448 1142 dolor
456 1093 483 1144 in
496 1095 662 1159 Tarquinium
673 1099 754 1162 ipsum
764 1113 819 1153 tna·

67 1156 198 1223 git-quam
210 1163 237 1211 in
249 1168 371 1230 Servium,
385 1185 426 1218 eos
438 1169 590 1220 stimulabat:
605 1173 632 1221 ἃ
645 1175 703 1238 quia
718 1180 820 1240 gravior

67 1232 131 1284 ultor
145 1239 225 1304 credis,
242 1241 259 1290 s1
271 1243 409 1311 superesset,
427 1250 482 1296 Rex
496 1247 593 1297 futurus
609 1261 669 1313 erat,
681 1259 755 1317 quam
767 1255 818 1322 pri-

67 1323 152 1363 vatus:
174 1327 237 1381 tum,
258 1322 346 1372 Servio
357 1322 447 1386 occiso,
468 1339 640 1390 quemcunque
657 1328 733 1378 alium
743 1346 817 1393 gene-

65 1399 119 1437 rum
138 1391 272 1460 delegisset,
292 1399 397 1448 eundem
413 1402 481 1464 regni
492 1400 613 1451 heredem
631 1402 737 1456 fattums
747 1407 818 1458 vide·

7 1515 10 1520 ,
65 1461 145 1517 batur.
181 1473 223 1522 Ob
234 1475 399 1542 haeeipiiregi
410 1478 500 1528 infidiae
507 1490 632 1549 parantur·
666 1484 706 1532 Ex
715 1485 816 1550 pastori·

65 1539 109 1592 bus
125 1545 177 1596 duo
193 1548 334 1602 serocissimi
346 1553 429 1602 delesti
440 1555 470 1603 ad
482 1555 586 1619 facinus,
603 1557 692 1621 quibus
706 1561 827 1615 consueti

64 1629 131 1670 erant
139 1635 244 1690 uterque
252 1631 384 1692 agrestibus
392 1631 551 1694 ferramentis,
568 1634 593 1681 in
603 1633 723 1686 vestibulo
733 1639 814 1708 regite,

63 1702 134 1760 quam
145 1713 250 1767 potuere
267 1708 482 1770 nimultuosrffnne,
500 1709 579 1776 specie
589 1710 650 1759 rixae
659 1711 685 1759 in
693 1710 718 1759 se
726 1727 813 1764 omnes

62 1778 213 1841 apparitores
229 1783 310 1846 regios
322 1795 487 1836 convertunt:
507 1785 573 1851 inde,
588 1801 664 1851 quum
674 1789 751 1837 ambo
762 1792 812 1839 lte·

63 1863 119 1912 gem
135 1855 293 1923 appellarent,
311 1859 450 1924 clamorque
466 1876 553 1909 eorum
571 1861 666 1927 penitus
678 1862 704 1910 in
718 1864 813 1926 regiam

62 1927 220 1993 perveniffet,
239 1935 322 1983 vocati
334 1935 364 1982 ad
375 1951 458 1998 regem
466 1935 584 2002 pergunt.
620 1938 702 1985 Primo
712 1947 813 2003 uterque

62 2005 207 2069 vociferari,
225 2008 249 2057 ἃ
269 2013 379 2060 certatim
393 2012 454 2060 alter
466 2015 536 2062 alteri
546 2012 694 2078 obstrepere,
712 2017 823 2066 coerciti·

61 2079 94 2128 ab
101 2080 194 2146 littore,
207 2083 232 2133 Bc
240 2085 295 2148 jnffi
305 2089 330 2136 in
343 2089 423 2136 vicem
434 2089 523 2152 dicere,
535 2089 631 2138 tandem
639 2089 741 2154 obloqui
750 2091 810 2141 defi·

61 2155 134 2205 stunt.
162 2162 230 2208 Unus
241 2177 333 2213 remex
347 2165 482 2230 composito
493 2164 597 2214 orditur.
625 2170 688 2214 Cum
701 2168 809 2219 intentus

61 2230 88 2280 in
102 2247 158 2280 eum
170 2233 194 2282 se
203 2237 258 2286 Rex
266 2245 333 2288 totus
349 2250 480 2302 averteret,
497 2240 560 2288 alter
573 2241 661 2288 elatam
672 2239 773 2313 securim
781 2245 808 2294 in

60 2319 134 2374 caput
144 2307 233 2372 dejecit
243 2330 256 2368 ·,
267 2313 400 2380 relictoque
411 2316 437 2365 in
451 2316 552 2366 vulnere
565 2316 624 2381 telo,
639 2316 716 2366 ambo
732 2317 757 2367 se
766 2317 806 2370 fo·

60 2385 220 2449 rasejiciunt.
400 2399 402 2404 '
439 2431 447 2436 .
508 2398 511 2406 ’
581 2407 584 2420 “

93 2465 163 2512 XLI.
182 2468 349 2530 Tarquinium
364 2468 538 2518 moribundum
549 2485 632 2536 quum,
649 2471 692 2536 qui
706 2472 770 2523 circa
780 2485 807 2521 e-

59 2551 121 2604 rant,
143 2543 300 2608 excepissent,
322 2543 379 2593 illos
395 2546 515 2609 fugientes
530 2547 624 2596 littores
644 2548 804 2611 comprehen-

59 2615 126 2666 dunt.
156 2618 251 2668 clamor
262 2620 324 2670 inde
349 2621 526 2686 concursusque
544 2624 637 2689 populi,
661 2624 803 2674 mirantium

57 2691 114 2756 quid
123 2694 156 2741 rei
164 2692 230 2743 ess'et.
267 2697 395 2760 Tanaquil
404 2697 470 2745 'inter
482 2698 613 2746 tumultum
623 2696 702 2746 claudi
710 2701 803 2762 regiam

56 2769 129 2832 jubet,
137 2771 243 2822 arbitros
258 2771 344 2835 ejicit:
362 2771 438 2835 simul,
449 2789 504 2837 quae
515 2773 623 2822 curando
631 2774 729 2823 vtrlneri
740 2792 803 2843 opus

57 2845 116 2908 sunt,
132 2859 250 2912 tanquam
261 2848 316 2915 spes
325 2847 434 2912 subeffet,
451 2848 533 2898 sedulo
541 2858 681 2914 comparat:
693 2851 801 2915 liminii

56 2922 162 2974 destituat
181 2923 243 2992 spes,
261 2925 312 2973 alia
330 2923 435 2989 praesrdia
450 2924 562 2974 molitur.
595 2926 682 2974 Servio
699 2932 801 2994 propere
826 2969 831 2972 .

55 3000 136 3066 accito,
148 3005 230 3070 vquum
244 3004 312 3069 pent
320 2998 470 3066 exsanguem
478 3001 722 3066 rirumotondiffeq
736 3003 815 3127 :lex-

237 3099 241 3113 .
746 3092 798 3129 ram
