1992 3692
170 271 206 326 ⁷²
436 261 473 312 Τ.
508 260 668 313 L1v11

169 349 253 418 primo
262 355 315 398 ram
324 359 398 398 nore
408 349 445 399 rei
456 365 484 400 ac
496 349 583 400 subite
593 351 725 402 admiratio
733 350 869 404 incluserat
877 367 929 405 ton

130 415 133 422 ¹
170 443 236 478 cem.
272 427 362 476 Dicere
388 425 476 476 deinde
494 429 655 495 incipientem
675 430 797 496 primores
815 433 930 482 civitatis

167 503 353 564 eirctmrfislunt,
370 503 458 554 eadem
473 505 558 555 multis
568 505 681 573 precibus
694 516 778 556 orant.
809 509 837 558 de
847 511 926 560 ceteri

166 581 267 650 quidem
275 579 413 630 movebant
422 583 514 632 minue.
532 583 663 648 Postquam
674 588 717 650 sp.
729 585 864 637 Lucretius
875 603 927 637 ma·

165 657 208 724 jor
218 667 287 708 aetate
298 672 327 706 ac
338 656 469 722 dignitate,
485 657 556 708 socer
566 667 683 725 praterea
694 659 777 726 ipsius,
793 677 870 727 agere
885 679 927 712 va·

165 735 211 799 tie,
228 733 340 800 rogando
353 735 452 785 alternis
473 735 654 802 suadendoque,
671 738 756 804 coepit,
773 750 804 788 ut
817 742 890 792 vinci
901 740 927 791 se

164 811 285 864 eonsensu
296 812 404 862 civitatis
412 822 551 879 pateretut;
567 814 655 863 timent
664 815 757 879 consul,
770 832 802 866 ne
811 819 925 885 polimo.

166 893 228 944 dum
240 893 339 961 privato
353 891 396 941 stbi
406 890 491 940 eadem
508 891 550 940 illa
567 905 625 940 cum
640 891 766 942 bonomm
785 896 923 962 amissione,

166 971 301 1036 additaque
310 969 356 1019 alid
365 967 463 1036 insuper
474 968 620 1033 ignominia,
631 970 779 1036 acciderent,
791 973 924 1028 abdicavit
966 1017 976 1030 t

169 1048 194 1099 se
202 1045 346 1099 consulatu:
364 1037 482 1112 rebusque
492 1043 539 1095 suis
550 1047 665 1095 omnibus
677 1048 815 1098 lavinium
824 1053 925 1102 transla-

165 1127 206 1190 ιὶς,
223 1125 325 1175 civitate
333 1121 407 1173 cessit
441 1125 531 1172 Brutus
539 1136 572 1170 ex
583 1121 794 1174 senatusconsulto
802 1125 835 1175 ad
844 1143 925 1194 popu-

167 1206 220 1257 lum
231 1202 298 1264 tulit,
314 1209 343 1249 ut
359 1213 444 1249 omnes
459 1198 611 1263 Tarquiniae
619 1199 699 1263 gentis
712 1199 809 1250 exsules
827 1203 921 1252 essent:

168 1282 289 1345 collegam
298 1277 342 1328 fibi
354 1277 459 1329 comitiis
470 1276 612 1326 centuriatis
622 1277 718 1326 creavit
733 1280 762 1327 P.
782 1279 923 1344 Valerium,

101 1367 103 1371 ’
167 1375 268 1428 quoq
229 1357 268 1420 adj
271 1367 342 1404 utort
353 1369 421 1418 reges
432 1354 546 1417 ejecerat.

198 1438 248 1485 111.
267 1431 425 1497 Quumhaud
437 1433 551 1497 cuiquam
563 1431 588 1480 in
603 1430 680 1482 dubio
692 1430 758 1494 esl'et,
776 1431 873 1483 bellum
887 1433 923 1484 ab

165 1511 336 1579 ‘tarquiniis'
330 1511 465 1573 imminere,
489 1509 514 1559 id
531 1510 630 1575 quidem
649 1509 691 1578 spe
711 1511 826 1560 omnium
843 1512 922 1563 serius

165 1589 224 1643 suit.
252 1594 370 1651 ceterum,
387 1587 412 1638 id
428 1587 495 1652 quod
511 1603 562 1637 non
582 1589 711 1652 timebant,
729 1604 774 1655 per
792 1589 879 1639 dolttm
891 1607 922 1641 ae

167 1668 336 1738 proditionem
347 1665 531 1732 propelibertas
541 1665 626 1714 amissa
635 1665 677 1714 est.
704 1667 782 1714 Erant
791 1667 818 1715 in
827 1669 922 1733 liuma·

167 1761 200 1798 na
209 1745 340 1811 juventute
351 1739 516 1792 adolescentes'
526 1743 628 1806 aliquot,
644 1757 691 1792 nec
701 1743 718 1790 ii
731 1745 800 1792 tenui
810 1744 869 1793 loco
879 1762 922 1796 or-

146 1869 151 1872 .
166 1826 195 1889 ti,
211 1838 317 1890 quorum
329 1823 354 1870 in
365 1835 442 1884 regno
454 1819 532 1869 libido
543 1819 647 1877 solutior
657 1819 747 1882 suerat,
764 1822 869 1886 aequales
881 1822 922 1873 so·

166 1901 279 1967 dalesque
289 1899 479 1956 adolescentium
488 1898 693 1963 Tarquiniorum,
704 1896 790 1946 assueti
798 1913 869 1946 more
882 1915 922 1947 re-

163 1981 207 2046 gio
218 1981 314 2028 vivere.
339 1978 402 2026 Eam
412 1985 474 2036 tum,
486 1985 582 2039 aequato
589 1976 644 2036 jure
656 1975 777 2036 omnium,
790 1975 922 2028 licentiam

161 2065 305 2123 quarentes,
322 2053 460 2102 libertatem
470 2051 577 2101 aliorum
585 2053 689 2102 insuam
698 2052 797 2101 vertisse
805 2048 919 2103 servitu-

166 2142 218 2182 tem
230 2133 293 2181 iuter
303 2129 327 2178 se
336 2128 558 2195 conquerebantur.
583 2133 665 2197 Regem
679 2129 783 2178 sortium
791 2129 837 2196 ff,
854 2135 923 2199 eique

165 2211 275 2276 impetret,
292 2207 326 2257 ali
336 2207 383 2272 jur,
399 2205 432 2256 ult
443 2207 523 2272 injuria
534 2218 584 2274 rpus
591 2208 639 2273 fit:
655 2207 779 2275 tffegratin
788 2209 864 2273 nnn,
882 2210 924 2277 ψ

164 2285 277 2353 interium
294 2286 322 2337 de
329 2286 390 2353 irasci
401 2287 428 2336 dr
439 2286 544 2351 ignoscere
548 2286 621 2352 poffi:
637 2288 793 2336 internum
802 2296 866 2353 atque
877 2291 922 2338 ini·

165 2367 245 2416 mirum
256 2365 367 2432 dscrimen
377 2361 438 2430 ndffe.
462 2366 531 2432 Leges
541 2366 689 2430 tenesmum,
705 2367 855 2416 inexorabilem
863 2367 918 2436 effe,

158 2442 299 2518 saddriorem
309 2441 454 2508 melioremque
463 2441 531 2506 inopi,
546 2445 611 2508 quim
627 2443 730 2508 potenti:
745 2442 802 2491 nibil
811 2443 922 2494 nrm-

164 2521 184 2575 ti
194 2537 231 2571 nec
239 2522 305 2570 venie
314 2519 396 2582 luere,
407 2517 429 2582 fi
439 2519 523 2567 modum
533 2517 646 2584 ercefferit.
678 2519 822 2586 periculosam
832 2519 880 2587 ff,
896 2523 923 2572 in

120 2629 125 2646 2
162 2608 196 2651 tot
211 2598 307 2648 inmanis
323 2597 426 2647 erroribus
432 2595 479 2662 soii
494 2597 611 2660 innocentis
622 2598 710 2646 vivere.
745 2599 792 2661 Ita,
807 2599 861 2660 jam
876 2598 923 2650 sud

165 2674 255 2741 sponte
266 2676 336 2740 agris
346 2675 442 2738 animis,
458 2673 531 2738 legati
541 2673 574 2721 ab
584 2666 924 2740 regibusiuperveniunt,s1-

164 2764 196 2801 ne
206 2751 332 2800 mentione
343 2750 434 2800 reditils
450 2749 518 2798 bona
529 2753 626 2798 tantum
637 2759 784 2815 repetentes.
823 2751 924 2802 Eomm
974 2746 975 2795 l

162 2827 241 2879 verba
252 2829 379 2894 postquam
389 2830 415 2878 in
426 2827 511 2878 senatu
521 2826 604 2876 audita
616 2825 680 2891 sunt,
697 2842 742 2894 per
759 2827 857 2893 aliquot
869 2829 924 2881 diet

163 2919 196 2956 ea
206 2904 354 2957 consultatio
363 2907 457 2956 tenuit:
475 2921 507 2956 ne
515 2920 566 2955 non
577 2903 680 2968 reddita,
689 2906 748 2955 belli
760 2905 846 2967 causa;
864 2908 923 2958 red-

167 2981 225 3044 dita,
245 2979 302 3029 belli
313 2983 416 3030 materia
428 2981 453 3032 ἃ
464 2981 634 3044 adjumentum
644 2979 730 3030 essent.
765 2983 872 3031 Interim
884 2985 924 3032 le

166 3058 219 3126 gati
233 3055 276 3108 alii
294 3057 343 3110 alia
359 3057 451 3125 moliri,
469 3061 559 3128 aperte
564 3056 630 3108 bona
640 3067 794 3128 repetentes,
802 3059 869 3117 clam
883 3075 926 3110 re-

716 3202 719 3207 Ι
785 3137 973 3204 cuperandt

967 3486 972 3651 l
