1992 3692
284 191 288 202 '
363 208 455 257 rra
472 207 533 257 aa
566 206 589 257 n
835 217 853 270 ⁷

97 297 203 346 micium
215 297 309 344 flumen
318 313 334 344 :-
345 298 438 360 Jovem
450 295 583 359 indigetem
592 295 725 362 appeliant.

132 377 182 422 111.
200 373 323 422 Nondum
334 383 445 422 manuus
461 372 698 440 imperio-Ascanius
711 375 793 422 AEneae
803 371 853 422 fili·

98 463 130 496 us
141 461 192 498 erat
206 467 212 498 :
230 461 315 498 tamen
327 450 352 498 id
365 451 495 516 imperium
505 452 527 499 ei
537 450 568 500 ad
578 451 695 517 puberem
707 461 804 499 aetatcm
814 451 853 498 in.

98 526 307 576 columemansrtr
325 527 444 594 tantisper
455 529 531 576 tuteli
540 529 661 577 muliebri·
668 529 746 589 (tanta
758 526 855 576 indolet

98 600 127 652 in
142 604 251 652 Lavinia
267 607 331 668 crat)
351 605 489 652 rcrLatina
501 604 526 652 dt
541 619 648 668 regnum
655 605 753 652 avitum
770 612 852 669 pater·

99 693 211 744 numque
223 696 304 747 puero
313 681 388 730 lietit.
416 681 488 730 Haud
496 681 560 731 'nihil
568 681 774 746 ambigam5(quie
784 681 853 729 enim

101 769 155 804 rem
167 767 221 805 tam
232 769 344 807 veterem
354 773 400 824 pro
408 769 476 808 certo
484 757 587 806 affirmet
592 760 612 823 i)
631 759 725 807 hic'cine
733 757 808 806 fucrit
816 761 852 806 A·

100 831 206 898 scanius,
216 835 346 899 anmajor,
353 841 427 900 quarn
436 837 488 900 hies
495 838 585 886 Creurl
590 847 669 886 matre
677 835 853 886 Ilioincolumi

99 920 183 974 nattis,
201 911 333 978 comesque
339 911 404 962 inde
410 924 517 980 paterna
528 912 606 978 irrgaej·
616 927 691 978 quem
699 912 781 961 Iulum
792 907 853 961 cuni

100 985 160 1036 dem
169 989 237 1052 Julia
248 1005 308 1052 gens
318 988 443 1040 aufinrem
453 992 560 1039 nominis
571 990 607 1040 sui
618 1000 752 1056 nuncupat.
780 991 805 1039 1⁸
817 994 853 1039 A·

102 1062 208 1129 sranius,
223 1067 365 1132 ubicunque
381 1067 406 1116 dt
420 1083 566 1133 quacunque
580 1067 659 1116 matre
674 1066 855 1131 gemturicerte

102 1152 190 1190 tratum
209 1143 287 1192 AEnei
304 1145 406 1209 confiat)
422 1145 561 1194 abundante
571 1142 852 1210 Laviniimultitudiue,

101 1219 233 1269 florentem
243 1220 296 1283 jam
312 1222 350 1284 (ut
360 1231 414 1270 tum
427 1236 463 1272 res
478 1228 556 1288 erant)
569 1233 646 1288 atque
657 1221 799 1289 opulentam
809 1235 853 1269 ur-

102 1293 161 1343 bem
171 1298 255 1360 matri,
273 1296 316 1347 seu
327 1315 451 1362 noverca,
468 1299 581 1364 reliquit:
599 1313 693 1348 novam
710 1295 763 1364 ipl'e
778 1295 854 1346 aliam

102 1371 149 1424 (ub
161 1375 500 1438 Albanomonte‘condidin
516 1383 579 1442 qu'ae,
596 1375 628 1425 ab
639 1375 684 1424 litu
699 1373 816 1441 porreiiae
825 1375 853 1425 in

103 1449 179 1524 dorio
188 1452 267 1516 urbis,
277 1456 365 1518 Longa
377 1455 440 1504 Alba
448 1455 577 1522 appellata.
602 1457 671 1503 Inter
681 1455 818 1504 Lavinium
826 1453 853 1506 dt

106 1523 198 1578 Albam
209 1533 325 1594 Longam
336 1532 459 1582 coloniam
470 1531 599 1580 dedimam
609 1532 710 1594 triginta
726 1531 804 1582 ferme
814 1533 852 1582 in·

104 1605 212 1654 teriirere
226 1606 295 1654 anni.
323 1617 418 1656 tantum
429 1617 512 1656 tamen
521 1618 727 1672 opererevcrant,
743 1609 854 1662 maxime

105 1679 164 1732 tuns
175 1678 292 1744 Etruscis,
309 1691 338 1731 ut
348 1697 379 1730 ne
392 1691 473 1731 morte
484 1682 585 1748 quidem
597 1684 688 1745 AEneae,
699 1695 745 1731 nec
755 1682 853 1742 deinde,

106 1757 171 1807 iuter
180 1758 328 1808 muliebrem
337 1759 440 1808 tutelam
458 1759 675 1823 rudimentumque
685 1760 792 1824 primum
806 1775 852 1826 pu-

108 1833 272 1898 eruis-regni,
285 1849 390 1885 movere
406 1850 474 1884 arma
490 1835 684 1884 autMezentitu
702 1833 855 1900 Etruscique,

107 1919 154 1960 eut
162 1910 207 1960 ulli
216 1911 257 1959 alii
267 1913 357 1962 accola
367 1912 417 1962 rufi
427 1910 481 1961 sint.
507 1913 560 1960 Pax
565 1911 603 1959 ita
609 1918 769 1970 convenerat,
781 1919 810 1959 ut
820 1911 853 1960 Fe

107 1987 348 2053 truseir'dratirrisque
359 1991 449 2040 fluvius
463 1988 561 2051 Albula,
578 2002 653 2061 quem
663 2001 729 2036 nunc
737 1986 853 2040 Tiberim

108 2075 210 2130 vocant,
221 2065 277 2116 fmis
289 2067 354 2116 effer.
372 2068 460 2116 silvius
471 2066 559 2117 d‘ci'nde
569 2075 663 2130 regnat,
673 2064 770 2116 Ascanii
781 2065 854 2130 elur,

108 2141 165 2194 calu
176 2141 286 2206 quodam
297 2145 322 2192 in
330 2142 485 2194 filvirnatua.
526 2145 550 2193 ir
560 2145 655 2194 -AEnean
662 2142 766 2192 silvium
777 2153 854 2194 ercet.

108 2217 229 2268 iedeinde
236 2219 355 2267 Latinum
366 2219 479 2268 Silvium.
501 2219 542 2268 Ab
553 2234 584 2267 eo
595 2218 699 2269 coloniae
707 2217 805 2282 aliquot
814 2217 856 2270 de·

107 2293 193 2355 duuae,
208 2293 283 2344 Prisci
292 2295 510 2362 Latiniappellati:
539 2294 630 2345 Maniit
641 2295 723 2344 Silviis
731 2293 814 2361 polica
823 2310 853 2346 σε

107 2371 207 2420 mnibus
217 2386 366 2436 cognomen,
378 2373 421 2436 qui
433 2371 503 2422 Alba
512 2373 651 2437 regnlrunt.
685 2373 778 2423 Latino
789 2372 855 2422 Alba

108 2458 184 2511 orme,
205 2447 270 2497 Albi
282 2452 354 2514 Atys,
367 2452 435 2514 Atye
447 2454 539 2516 Capye,
552 2454 642 2516 Capye⁴
649 2453 763 2516 Capetus,
776 2452 853 2515 Cape·

108 2534 136 2574 to
149 2526 297 2585 Tiberinus;
315 2527 366 2590 qui,
375 2527 400 2576 in
409 2527 510 2590 trajeau
517 2528 612 2577 Albulae
621 2525 853 2588 amnirsubmersur,

108 2600 204 2649 celebre
214 2600 246 2650 ad
258 2600 366 2666 posteros
377 2607 467 2652 nomen
478 2603 573 2652 flumini
584 2601 660 2652 dedit.
694 2603 805 2668 Agrippa
815 2603 853 2653 in·

110 2677 139 2726 de
152 2679 267 2728 Tiberini
283 2677 362 2740 filius3
383 2681 435 2746 post
451 2683 589 2748 Agrippam
600 2680 720 2732 Romulus
731 2681 855 2744 Silvius,a

111 2765 177 2818 patre
188 2766 294 2822 accepto
302 2753 419 2822 imperio,
431 2769 524 2822 regnat.
543 2758 679 2820 Aventino,
689 2756 791 2806 fulmine
802 2758 854 2824 ipse

108 2829 174 2896 ierus,
181 2849 286 2898 regnum
298 2849 343 2900 per
353 2850 439 2884 manus
449 2834 558 2884 tradidit.
569 2836 597 2897 ic,
605 2833 711 2900 sepultus
720 2835 748 2884 in
758 2849 790 2886 eo
801 2835 853 2884 col-

110 2905 140 2968 le,
150 2911 190 2972 qui
202 2925 269 2960 nunc
281 2911 378 2976 estpars
389 2913 507 2959 Romanae
517 2909 593 2971 urbis,
605 2926 745 2973 cognomen
752 2911 810 2962 colli
818 2911 853 2961 sc.

111 2986 152 3036 cit.
174 2989 255 3040 Proca
265 2986 354 3040 deinde
364 2996 467 3052 regnat:
484 2987 504 3036 is
519 2988 676 3040 Numitorem
689 2998 765 3056 atque
776 2991 854 3043 Amu-

453 3065 511 3125 Μ
593 3133 603 3153 l
792 3060 888 3142 litun·
