1992 3692
312 283 535 338 trent
763 307 802 358 ¹49

60 362 186 434 sumptum.
221 369 294 420 In'eo
302 369 367 420 bello
377 371 402 422 δι
413 373 491 424 virtus
500 373 633 425 &fortuna
643 377 733 430 enituit
741 383 805 430 Tus-

62 445 96 495 lii.
111 445 211 514 susoque
222 449 317 512 ingenti
327 448 435 497 hostium
445 451 563 515 exercitu,
575 452 641 502 haud
649 454 739 506 dubius
751 471 806 518 rex,

62 521 102 573 scu
114 527 216 590 Parrum,
234 524 278 574 seu
290 523 369 593 'piebis
385 528 480 577 animos
496 528 681 595 periclitaretur,
700 537 809 584 Romam

62 599 136 650 rediit.
169 602 372 668 Aggredirurque
389 599 444 652 inde
458 604 488 653 ad
500 605 653 672 pacis·louge
669 611 808 663 maximum

60 695 125 746 opus.
147 683 188 744 Ut,
202 679 413 746 quemadmodum
422 683 503 731 Numa
515 682 595 732 divini
605 684 756 750 auttoejuru
766 687 806 738 su·

60 757 115 821 isset,
132 760 165 808 ita
175 760 289 810 Servium
305 759 461 810 conditorem
474 761 555 810 omnis
566 762 592 810 in
604 761 706 813 civitate
721 764 806 815 discri-

59 835 126 885 urinis
142 835 314 902 ordinumque,
331 836 420 902 quibus
440 836 504 885 inter
522 836 611 900 giadur
621 837 807 902 dignitatissur-

59 920 164 978 tunaeque
174 914 268 980 aliquid
280 915 419 977 interlucet,
436 913 525 980 posteri
533 913 600 963 sarni
608 915 707 966 serrem.
743 923 806 970 Cen-

59 983 107 1036 suun
119 991 182 1039 enim
197 989 312 1053 instituit,
329 1005 382 1040 rem
394 987 572 1040 saluberrimm
585 1002 655 1042 tauto
663 993 748 1047 sunno
759 997 806 1046 im·

60 1065 139 1128 perio:
162 1083 194 1118 ex
211 1084 263 1135 quo
285 1067 343 1116 belii
360 1064 474 1134 pacisque
491 1068 574 1116 munia
591 1085 642 1120 non
659 1073 761 1138 viritim,
777 1081 808 1123 ut

59 1143 116 1203 aute,
132 1141 171 1192 scd
184 1159 230 1212 pro
239 1144 331 1194 habitu
343 1143 500 1210 pecuniarum
509 1143 604 1195 fierent.
639 1152 709 1199 Tum
724 1150 808 1203 classes

60 1222 226 1288 centuriasque,
244 1223 270 1273 dc
280 1223 348 1270 hunc
362 1219 473 1270 ordinem
482 1234 515 1270 ex
526 1219 600 1272 censu
617 1222 749 1294 descripsit,
766 1229 807 1280 vei

5 1337 6 1344 ,
60 1298 109 1362 paci
119 1298 243 1364 decorum,
262 1299 395 1350 velbello.

90 1379 182 1427 XLIII.
200 1381 241 1429 Ex
260 1381 300 1442 iis,
317 1377 361 1443 qui
372 1386 468 1428 centum
479 1375 583 1427 millimn
597 1379 658 1444 zris,
674 1383 808 1448 autmajo-

5 1510 7 1516 Ι
60 1464 112 1514 rem,
121 1456 215 1504 censum
224 1451 488 1516 haberent,osioginta
496 1452 604 1503 consecit
612 1458 808 1525 centuriar,qua-

60 1525 167 1590 dragonar
181 1531 310 1583 seniorum
323 1546 353 1580 ac
370 1529 506 1592 juniorum.
541 1532 622 1580 Prima
636 1533 710 1584 classn
721 1552 807 1590 omnes

60 1607 172 1671 appellati.
190 1611 313 1671 seniora,
325 1607 357 1656 ad
367 1606 434 1654 urbis
443 1603 575 1658 custodiam
582 1619 612 1657 ut
622 1611 707 1676 praesso
715 1613 807 1665 essent:

59 1677 158 1746 juvenes,
179 1695 207 1733 ut
222 1684 287 1735 soris
309 1683 374 1731 bella
392 1691 511 1744 gererent.
543 1697 611 1731 anm
625 1684 662 1732 hia
676 1687 806 1754 Imperare,

61 1755 128 1820 galea,
139 1759 257 1826 elypeum,
276 1775 365 1822 ocrea,
383 1759 473 1818 lorica;
490 1758 574 1810 omnia
584 1773 619 1808 ex
631 1776 686 1811 aere.
712 1764 765 1814 haec
776 1777 806 1816 ut

62 1835 190 1896 tegumenta
204 1837 320 1905 corporis
332 1835 415 1884 essent.
438 1837 486 1886 tela
497 1837 524 1884 in
537 1835 639 1899 hosietn,
657 1839 769 1905 hastaque
781 1844 808 1894 de

61 1908 153 1969 gladius.
187 1915 287 1965 Additae
298 1914 356 1962 huic
365 1913 429 1964 classi
441 1914 494 1964 duae
506 1913 605 1962 fabrum
614 1916 737 1982 centurie,
754 1931 810 1984 qua

62 1983 104 2035 fine
112 1991 179 2040 amris
190 1992 312 2061 stipendia
320 1991 438 2044 facerent.
464 1991 550 2042 datum
565 2005 663 2055 munus,
678 2003 706 2043 ut
717 1996 809 2046 machi·

62 2074 99 2110 nas
107 2071 130 2113 In
140 2066 202 2119 besso
210 2069 318 2126 serrent.
353 2067 461 2118 Secunda
470 2066 545 2116 clasiir
553 2067 617 2116 intra
626 2079 724 2118 centurn
732 2070 810 2138 usque

61 2136 89 2186 ad
98 2143 195 2210 quinque
211 2144 407 2212 &septuaginta
421 2144 525 2194 miilium
535 2143 633 2194 censuum
642 2147 763 2212 insiituta;
780 2149 808 2204 r<

61 2220 137 2284 ethis,
148 2220 283 2274 senioribus
294 2218 490 2286 junioribusque,
498 2222 590 2286 usginti
598 2221 741 2290 conscriptae
749 2241 808 2277 ceo·

62 2298 136 2347 curie:
151 2315 217 2350 anna
237 2303 369 2367 Imperare,
393 2297 488 2348 scutum
505 2315 552 2366 pro
568 2299 665 2365 clypeo,
682 2301 707 2350 u
719 2311 808 2368 praeter

62 2369 151 2423 loricam
167 2379 249 2427 omnia
260 2373 359 2425 eadem.
393 2373 488 2424 Tertiae
503 2373 577 2423 classis
591 2373 617 2422 in
630 2375 809 2440 quinquaginta

61 2447 153 2498 millium
168 2453 268 2503 censum
286 2450 334 2499 esse
349 2447 440 2499 voluit.
466 2449 570 2500 totidem
581 2452 698 2500 cenmriae
714 2451 741 2500 ἃ
758 2453 806 2519 hae,

61 2521 182 2591 todmnue
190 2526 333 2578 discrimine
342 2525 457 2588 etatium,
464 2523 549 2576 fattae:
560 2539 605 2575 nec
614 2524 645 2574 de
652 2527 725 2576 armis
735 2527 806 2593 quic.

61 2611 124 2662 quam
142 2614 283 2666 mutatum
299 2617 380 2652 oereae
394 2605 491 2650 tantum
506 2602 635 2668 ademptae.
669 2604 705 2652 ln·
718 2613 807 2669 quarta

61 2673 121 2724 classe
130 2678 211 2730 censue
222 2681 333 2748 quinque
344 2678 370 2728 rr
382 2678 470 2742 viginti
479 2677 591 2741 millium,
609 2677 714 2728 totidem
722 2691 807 2730 centu·

61 2748 98 2800 n'ae
105 2751 176 2806 uae.
193 2755 263 2806 arma
275 2763 380 2818 mutata,
389 2752 450 2804 nihil
460 2765 548 2820 praeter
557 2753 649 2804 hastam
657 2754 682 2804 ἀ
690 2760 807 2808 verunim

62 2823 146 2878 datum.
178 2833 276 2896 Quinta
294 2829 369 2880 classis
382 2829 460 2894 auda,
478 2832 594 2882 centuriae
608 2830 709 2896 triginta
720 2833 806 2885 satie:

62 2895 138 2954 fundas
152 2907 294 2974 lapidesque
317 2905 412 2956 missiiea
428 2905 454 2954 hi
471 2904 552 2955 secum
569 2908 692 2971 gerebant.
727 2910 753 2959 in
767 2910 807 2962 hie

62 2981 152 3046 accense,
163 2985 309 3049 cornicines,
322 2979 487 3051 tibicinesque,
499 2982 526 3032 iu
537 2992 585 3032 tres
597 2983 719 3034 cenmriar
729 2984 806 3036 distri·

63 3048 119 3107 buti.
149 3057 270 3112 Undeciur
283 3059 391 3113 muium
410 3058 461 3109 haec
475 3057 551 3112 curru
562 3059 714 3117 censebatur.
748 3063 806 3110 IIoe

401 3137 423 3190 c
721 3135 804 3194 minor
