<?xml version="1.0" encoding="UTF-8"?>
<!DOCTYPE html PUBLIC "-//W3C//DTD XHTML 1.0 Transitional//EN"
    "http://www.w3.org/TR/xhtml1/DTD/xhtml1-transitional.dtd">
<html xmlns="http://www.w3.org/1999/xhtml" xml:lang="en" lang="en">
 <head>
  <title>
</title>
<meta http-equiv="Content-Type" content="text/html;charset=utf-8" />
  <meta name='ocr-system' content='tesseract 3.04.00' />
  <meta name='ocr-capabilities' content='ocr_page ocr_carea ocr_par ocr_line ocrx_word'/>
</head>
<body>
  <div class='ocr_page' id='page_1' title='image "./titiliviipatavi00ruddgoog_0155.png"; bbox 0 0 1992 3692; ppageno 0'>
   <div class='ocr_carea' id='block_1_1' title="bbox 343 172 830 236">
    <p class='ocr_par' dir='ltr' id='par_1_1' title="bbox 343 172 830 236">
     <span class='ocr_line' id='line_1_1' title="bbox 343 172 830 236; baseline 0.004 -11"><span class='ocrx_word' id='word_1_1' title='bbox 343 172 513 227; x_wconf 79' lang='lat' dir='ltr'>LIBER</span> <span class='ocrx_word' id='word_1_2' title='bbox 545 174 582 225; x_wconf 84' lang='lat' dir='ltr'>tt.</span> <span class='ocrx_word' id='word_1_3' title='bbox 781 182 830 236; x_wconf 72' lang='lat'>133</span> 
     </span>
    </p>
   </div>
   <div class='ocr_carea' id='block_1_2' title="bbox 93 258 859 872">
    <p class='ocr_par' dir='ltr' id='par_1_2' title="bbox 93 258 859 872">
     <span class='ocr_line' id='line_1_2' title="bbox 114 258 836 329; baseline 0.004 -20"><span class='ocrx_word' id='word_1_4' title='bbox 114 259 190 313; x_wconf 64' lang='lat' dir='ltr'>lxi.</span> <span class='ocrx_word' id='word_1_5' title='bbox 207 260 390 313; x_wconf 82' lang='lat' dir='ltr'>Tutbulentior</span> <span class='ocrx_word' id='word_1_6' title='bbox 400 262 456 312; x_wconf 88' lang='lat' dir='ltr'>inde</span> <span class='ocrx_word' id='word_1_7' title='bbox 468 278 546 313; x_wconf 77' lang='lat' dir='ltr'>annue</span> <span class='ocrx_word' id='word_1_8' title='bbox 558 258 665 329; x_wconf 57' lang='lat' dir='ltr'>excepit</span> <span class='ocrx_word' id='word_1_9' title='bbox 677 260 711 309; x_wconf 84' lang='lat' dir='ltr'>L.</span> <span class='ocrx_word' id='word_1_10' title='bbox 722 261 836 324; x_wconf 81' lang='lat' dir='ltr'>Valerio,</span> 
     </span>
     <span class='ocr_line' id='line_1_3' title="bbox 97 335 837 407; baseline 0.007 -23"><span class='ocrx_word' id='word_1_11' title='bbox 97 335 128 385; x_wconf 85' lang='lat' dir='ltr'>T.</span> <span class='ocrx_word' id='word_1_12' title='bbox 143 340 241 389; x_wconf 84' lang='lat' dir='ltr'>AEmilio</span> <span class='ocrx_word' id='word_1_13' title='bbox 259 339 410 403; x_wconf 77' lang='lat' dir='ltr'>consulibus,</span> <span class='ocrx_word' id='word_1_14' title='bbox 428 344 488 389; x_wconf 81' lang='lat' dir='ltr'>curn</span> <span class='ocrx_word' id='word_1_15' title='bbox 504 350 606 407; x_wconf 92' lang='lat' dir='ltr'>propter</span> <span class='ocrx_word' id='word_1_16' title='bbox 617 338 753 389; x_wconf 78' lang='lat' dir='ltr'>certamine</span> <span class='ocrx_word' id='word_1_17' title='bbox 769 338 837 390; x_wconf 84' lang='lat' dir='ltr'>ordi·</span> 
     </span>
     <span class='ocr_line' id='line_1_4' title="bbox 95 404 837 483; baseline 0.004 -21"><span class='ocrx_word' id='word_1_18' title='bbox 95 428 148 465; x_wconf 85' lang='lat' dir='ltr'>uum</span> <span class='ocrx_word' id='word_1_19' title='bbox 158 404 186 466; x_wconf 84' lang='lat' dir='ltr'>de</span> <span class='ocrx_word' id='word_1_20' title='bbox 196 416 248 483; x_wconf 84' lang='lat' dir='ltr'>lege</span> <span class='ocrx_word' id='word_1_21' title='bbox 259 418 365 483; x_wconf 83' lang='lat' dir='ltr'>agraria,</span> <span class='ocrx_word' id='word_1_22' title='bbox 383 427 436 467; x_wconf 87' lang='lat' dir='ltr'>turn</span> <span class='ocrx_word' id='word_1_23' title='bbox 450 427 552 483; x_wconf 84' lang='lat' dir='ltr'>propter</span> <span class='ocrx_word' id='word_1_24' title='bbox 558 415 683 479; x_wconf 83' lang='lat' dir='ltr'>judicium</span> <span class='ocrx_word' id='word_1_25' title='bbox 695 419 746 483; x_wconf 77' lang='lat' dir='ltr'>Ap.</span> <span class='ocrx_word' id='word_1_26' title='bbox 760 418 837 466; x_wconf 84' lang='lat' dir='ltr'>clau-</span> 
     </span>
     <span class='ocr_line' id='line_1_5' title="bbox 94 488 837 559; baseline 0.003 -20"><span class='ocrx_word' id='word_1_27' title='bbox 94 488 137 539; x_wconf 89' lang='lat' dir='ltr'>dii:</span> <span class='ocrx_word' id='word_1_28' title='bbox 153 494 198 557; x_wconf 81' lang='lat' dir='ltr'>cui,</span> <span class='ocrx_word' id='word_1_29' title='bbox 214 496 337 545; x_wconf 80' lang='lat' dir='ltr'>acerrimo</span> <span class='ocrx_word' id='word_1_30' title='bbox 356 491 497 543; x_wconf 82' lang='lat' dir='ltr'>adversario</span> <span class='ocrx_word' id='word_1_31' title='bbox 515 492 584 557; x_wconf 75' lang='lat' dir='ltr'>legit,</span> <span class='ocrx_word' id='word_1_32' title='bbox 608 490 758 558; x_wconf 80' lang='lat' dir='ltr'>causamque</span> <span class='ocrx_word' id='word_1_33' title='bbox 778 490 837 559; x_wconf 88' lang='lat' dir='ltr'>pos-</span> 
     </span>
     <span class='ocr_line' id='line_1_6' title="bbox 95 564 859 638; baseline 0.007 -24"><span class='ocrx_word' id='word_1_34' title='bbox 95 564 196 619; x_wconf 83' lang='lat' dir='ltr'>sessorum</span> <span class='ocrx_word' id='word_1_35' title='bbox 214 571 308 638; x_wconf 86' lang='lat' dir='ltr'>publici</span> <span class='ocrx_word' id='word_1_36' title='bbox 329 572 391 635; x_wconf 82' lang='lat' dir='ltr'>agri,</span> <span class='ocrx_word' id='word_1_37' title='bbox 409 581 527 635; x_wconf 82' lang='lat' dir='ltr'><strong>tanquam</strong></span> <span class='ocrx_word' id='word_1_38' title='bbox 546 569 621 619; x_wconf 83' lang='lat' dir='ltr'>tertio</span> <span class='ocrx_word' id='word_1_39' title='bbox 641 568 747 635; x_wconf 86' lang='lat' dir='ltr'>consuli,</span> <span class='ocrx_word' id='word_1_40' title='bbox 764 569 859 619; x_wconf 81' lang='lat' dir='ltr'>sulii·&#39;</span> 
     </span>
     <span class='ocr_line' id='line_1_7' title="bbox 93 646 835 710; baseline 0.005 -16"><span class='ocrx_word' id='word_1_41' title='bbox 93 646 161 710; x_wconf 86' lang='lat' dir='ltr'>uenti,</span> <span class='ocrx_word' id='word_1_42' title='bbox 176 651 213 697; x_wconf 89' lang='lat' dir='ltr'>M.</span> <span class='ocrx_word' id='word_1_43' title='bbox 228 650 329 699; x_wconf 81' lang='lat' dir='ltr'>Duilius</span> <span class='ocrx_word' id='word_1_44' title='bbox 350 648 375 697; x_wconf 71' lang='lat' dir='ltr'>ec</span> <span class='ocrx_word' id='word_1_45' title='bbox 397 651 426 697; x_wconf 89' lang='lat' dir='ltr'>C.</span> <span class='ocrx_word' id='word_1_46' title='bbox 440 646 544 695; x_wconf 87' lang='lat' dir='ltr'>Sicinius</span> <span class='ocrx_word' id='word_1_47' title='bbox 554 647 619 695; x_wconf 84' lang='lat' dir='ltr'>diem</span> <span class='ocrx_word' id='word_1_48' title='bbox 631 647 726 697; x_wconf 80' lang='lat' dir='ltr'>dixere.</span> <span class='ocrx_word' id='word_1_49' title='bbox 761 651 835 699; x_wconf 84' lang='lat' dir='ltr'>Nun-</span> 
     </span>
     <span class='ocr_line' id='line_1_8' title="bbox 93 723 836 792; baseline 0.005 -20"><span class='ocrx_word' id='word_1_50' title='bbox 93 737 158 786; x_wconf 82' lang='lat' dir='ltr'>quam</span> <span class='ocrx_word' id='word_1_51' title='bbox 167 727 221 774; x_wconf 77' lang='lat' dir='ltr'>ante</span> <span class='ocrx_word' id='word_1_52' title='bbox 232 737 284 775; x_wconf 85' lang='lat' dir='ltr'>tam</span> <span class='ocrx_word' id='word_1_53' title='bbox 296 725 392 775; x_wconf 80' lang='lat' dir='ltr'>invisus</span> <span class='ocrx_word' id='word_1_54' title='bbox 406 724 472 792; x_wconf 84' lang='lat' dir='ltr'>plebi</span> <span class='ocrx_word' id='word_1_55' title='bbox 490 739 546 773; x_wconf 84' lang='lat' dir='ltr'>retu</span> <span class='ocrx_word' id='word_1_56' title='bbox 555 723 717 787; x_wconf 77' lang='lat' dir='ltr'>adjudicium</span> <span class='ocrx_word' id='word_1_57' title='bbox 729 736 836 777; x_wconf 72' lang='lat' dir='ltr'>vocatur</span> 
     </span>
     <span class='ocr_line' id='line_1_9' title="bbox 93 794 837 872; baseline 0.005 -23"><span class='ocrx_word' id='word_1_58' title='bbox 93 801 168 867; x_wconf 89' lang='lat' dir='ltr'>populi</span> <span class='ocrx_word' id='word_1_59' title='bbox 178 802 218 867; x_wconf 85' lang='lat' dir='ltr'>est,</span> <span class='ocrx_word' id='word_1_60' title='bbox 235 794 323 872; x_wconf 73' lang='lat' dir='ltr'>plenus</span> <span class='ocrx_word' id='word_1_61' title='bbox 341 802 449 865; x_wconf 83' lang='lat' dir='ltr'>suarum,</span> <span class='ocrx_word' id='word_1_62' title='bbox 467 800 553 867; x_wconf 85' lang='lat' dir='ltr'>plenus</span> <span class='ocrx_word' id='word_1_63' title='bbox 564 812 720 869; x_wconf 81' lang='lat' dir='ltr'>patenururn</span> <span class='ocrx_word' id='word_1_64' title='bbox 731 803 837 853; x_wconf 83' lang='lat' dir='ltr'>irarum.</span> 
     </span>
    </p>
   </div>
   <div class='ocr_carea' id='block_1_3' title="bbox 93 878 939 947">
    <p class='ocr_par' dir='ltr' id='par_1_3' title="bbox 93 878 939 947">
     <span class='ocr_line' id='line_1_10' title="bbox 93 878 939 947; baseline 0.008 -23"><span class='ocrx_word' id='word_1_65' title='bbox 93 879 165 930; x_wconf 80' lang='lat' dir='ltr'>Patres</span> <span class='ocrx_word' id='word_1_66' title='bbox 182 897 283 947; x_wconf 90' lang='lat' dir='ltr'>quoque</span> <span class='ocrx_word' id='word_1_67' title='bbox 294 897 348 933; x_wconf 91' lang='lat' dir='ltr'>non</span> <span class='ocrx_word' id='word_1_68' title='bbox 360 884 451 929; x_wconf 80' lang='lat' dir='ltr'>temere</span> <span class='ocrx_word' id='word_1_69' title='bbox 469 895 516 947; x_wconf 91' lang='lat' dir='ltr'>pro</span> <span class='ocrx_word' id='word_1_70' title='bbox 527 878 578 927; x_wconf 91' lang='lat' dir='ltr'>ullo</span> <span class='ocrx_word' id='word_1_71' title='bbox 589 879 748 945; x_wconf 65' lang='lat' dir='ltr'>aequeannifi</span> <span class='ocrx_word' id='word_1_72' title='bbox 760 880 835 931; x_wconf 83' lang='lat' dir='ltr'>sunt:</span> <span class='ocrx_word' id='word_1_73' title='bbox 930 931 939 945; x_wconf 54' lang='grc'>,</span> 
     </span>
    </p>
   </div>
   <div class='ocr_carea' id='block_1_4' title="bbox 91 955 885 2968">
    <p class='ocr_par' dir='ltr' id='par_1_4' title="bbox 91 955 885 2813">
     <span class='ocr_line' id='line_1_11' title="bbox 93 955 836 1024; baseline 0.007 -20"><span class='ocrx_word' id='word_1_74' title='bbox 93 970 292 1024; x_wconf 81' lang='lat' dir='ltr'><strong>propugnatorem</strong></span> <span class='ocrx_word' id='word_1_75' title='bbox 312 958 418 1020; x_wconf 82' lang='lat' dir='ltr'>senatus,</span> <span class='ocrx_word' id='word_1_76' title='bbox 436 955 615 1023; x_wconf 76' lang='lat' dir='ltr'>majestatisque</span> <span class='ocrx_word' id='word_1_77' title='bbox 635 957 758 1007; x_wconf 88' lang='lat' dir='ltr'>vindicem</span> <span class='ocrx_word' id='word_1_78' title='bbox 775 958 836 1023; x_wconf 71' lang='lat' dir='ltr'>sue,</span> 
     </span>
     <span class='ocr_line' id='line_1_12' title="bbox 91 1034 837 1103; baseline 0.005 -20"><span class='ocrx_word' id='word_1_79' title='bbox 91 1034 118 1083; x_wconf 83' lang='lat' dir='ltr'>ad</span> <span class='ocrx_word' id='word_1_80' title='bbox 128 1052 205 1087; x_wconf 88' lang='lat' dir='ltr'>omnes</span> <span class='ocrx_word' id='word_1_81' title='bbox 216 1038 367 1087; x_wconf 81' lang='lat' dir='ltr'>tribunicios</span> <span class='ocrx_word' id='word_1_82' title='bbox 384 1034 544 1103; x_wconf 84' lang='lat' dir='ltr'>plebeiosque</span> <span class='ocrx_word' id='word_1_83' title='bbox 555 1034 694 1102; x_wconf 75' lang='lat' dir='ltr'>oppositum</span> <span class='ocrx_word' id='word_1_84' title='bbox 706 1037 837 1101; x_wconf 76' lang='lat' dir='ltr'>tumultur,</span> 
     </span>
     <span class='ocr_line' id='line_1_13' title="bbox 92 1111 835 1179; baseline 0.008 -20"><span class='ocrx_word' id='word_1_85' title='bbox 92 1112 182 1163; x_wconf 86' lang='lat' dir='ltr'>modum</span> <span class='ocrx_word' id='word_1_86' title='bbox 198 1115 322 1165; x_wconf 86' lang='lat' dir='ltr'>duntaxat</span> <span class='ocrx_word' id='word_1_87' title='bbox 340 1116 367 1163; x_wconf 90' lang='lat' dir='ltr'>in</span> <span class='ocrx_word' id='word_1_88' title='bbox 387 1114 521 1165; x_wconf 76' lang='lat' dir='ltr'>certamine</span> <span class='ocrx_word' id='word_1_89' title='bbox 531 1111 658 1178; x_wconf 81' lang='lat' dir='ltr'>egressum,</span> <span class='ocrx_word' id='word_1_90' title='bbox 676 1114 744 1165; x_wconf 84' lang='lat' dir='ltr'>iretae</span> <span class='ocrx_word' id='word_1_91' title='bbox 755 1114 835 1179; x_wconf 72' lang='lat' dir='ltr'>objici</span> 
     </span>
     <span class='ocr_line' id='line_1_14' title="bbox 94 1189 836 1257; baseline 0.005 -20"><span class='ocrx_word' id='word_1_92' title='bbox 94 1189 158 1254; x_wconf 86' lang='lat' dir='ltr'>plebi.</span> <span class='ocrx_word' id='word_1_93' title='bbox 168 1196 236 1243; x_wconf 88' lang='lat' dir='ltr'>Unus</span> <span class='ocrx_word' id='word_1_94' title='bbox 247 1196 260 1242; x_wconf 86' lang='grc' dir='ltr'><strong>ὲ</strong></span> <span class='ocrx_word' id='word_1_95' title='bbox 272 1193 399 1253; x_wconf 85' lang='lat' dir='ltr'>Patribus,</span> <span class='ocrx_word' id='word_1_96' title='bbox 411 1190 462 1257; x_wconf 87' lang='lat' dir='ltr'>ipse</span> <span class='ocrx_word' id='word_1_97' title='bbox 474 1194 524 1257; x_wconf 85' lang='lat' dir='ltr'>Ap.</span> <span class='ocrx_word' id='word_1_98' title='bbox 538 1190 662 1253; x_wconf 70' lang='lat' dir='ltr'>Claudius,</span> <span class='ocrx_word' id='word_1_99' title='bbox 673 1190 698 1241; x_wconf 73' lang='lat' dir='ltr'>dt</span> <span class='ocrx_word' id='word_1_100' title='bbox 711 1191 836 1254; x_wconf 69' lang='lat' dir='ltr'>tribunos,</span> 
     </span>
     <span class='ocr_line' id='line_1_15' title="bbox 93 1266 835 1335; baseline 0.001 -19"><span class='ocrx_word' id='word_1_101' title='bbox 93 1266 114 1316; x_wconf 76' lang='grc' dir='ltr'><strong><em>ἃ</em></strong></span> <span class='ocrx_word' id='word_1_102' title='bbox 124 1268 223 1335; x_wconf 81' lang='lat' dir='ltr'>plebem,</span> <span class='ocrx_word' id='word_1_103' title='bbox 240 1270 267 1320; x_wconf 65' lang='grc' dir='ltr'><strong>ἃ</strong></span> <span class='ocrx_word' id='word_1_104' title='bbox 278 1270 353 1319; x_wconf 85' lang='lat' dir='ltr'>suum</span> <span class='ocrx_word' id='word_1_105' title='bbox 361 1266 485 1331; x_wconf 87' lang='lat' dir='ltr'>judicium</span> <span class='ocrx_word' id='word_1_106' title='bbox 502 1282 548 1333; x_wconf 90' lang='lat' dir='ltr'>pro</span> <span class='ocrx_word' id='word_1_107' title='bbox 558 1267 638 1319; x_wconf 86' lang='lat' dir='ltr'>nihilo</span> <span class='ocrx_word' id='word_1_108' title='bbox 649 1268 765 1318; x_wconf 73' lang='lat' dir='ltr'>habebat.</span> <span class='ocrx_word' id='word_1_109' title='bbox 801 1268 835 1317; x_wconf 88' lang='lat' dir='ltr'>ll·</span> 
     </span>
     <span class='ocr_line' id='line_1_16' title="bbox 93 1343 839 1417; baseline 0.004 -22"><span class='ocrx_word' id='word_1_110' title='bbox 93 1343 137 1395; x_wconf 89' lang='lat' dir='ltr'>lum</span> <span class='ocrx_word' id='word_1_111' title='bbox 153 1364 202 1399; x_wconf 86' lang='lat' dir='ltr'>non</span> <span class='ocrx_word' id='word_1_112' title='bbox 219 1351 296 1401; x_wconf 82' lang='lat' dir='ltr'>minae</span> <span class='ocrx_word' id='word_1_113' title='bbox 311 1348 400 1417; x_wconf 83' lang='lat' dir='ltr'>plebis,</span> <span class='ocrx_word' id='word_1_114' title='bbox 417 1362 468 1396; x_wconf 90' lang='lat' dir='ltr'>non</span> <span class='ocrx_word' id='word_1_115' title='bbox 488 1344 584 1395; x_wconf 79' lang='lat' dir='ltr'>senatus</span> <span class='ocrx_word' id='word_1_116' title='bbox 602 1362 687 1414; x_wconf 74' lang='lat' dir='ltr'>precer</span> <span class='ocrx_word' id='word_1_117' title='bbox 701 1348 839 1415; x_wconf 79' lang='lat' dir='ltr'>perpellere</span> 
     </span>
     <span class='ocr_line' id='line_1_17' title="bbox 95 1424 837 1495; baseline 0 -18"><span class='ocrx_word' id='word_1_118' title='bbox 95 1436 190 1490; x_wconf 80' lang='lat' dir='ltr'>uuquam</span> <span class='ocrx_word' id='word_1_119' title='bbox 206 1439 323 1495; x_wconf 87' lang='lat' dir='ltr'>potuere,</span> <span class='ocrx_word' id='word_1_120' title='bbox 335 1442 389 1477; x_wconf 89' lang='lat' dir='ltr'>non</span> <span class='ocrx_word' id='word_1_121' title='bbox 407 1424 484 1475; x_wconf 79' lang='lat' dir='ltr'>modo</span> <span class='ocrx_word' id='word_1_122' title='bbox 503 1435 532 1474; x_wconf 90' lang='lat' dir='ltr'>ut</span> <span class='ocrx_word' id='word_1_123' title='bbox 550 1425 643 1475; x_wconf 77' lang='lat' dir='ltr'>vellem</span> <span class='ocrx_word' id='word_1_124' title='bbox 660 1437 775 1491; x_wconf 79' lang='lat' dir='ltr'>mutaret,</span> <span class='ocrx_word' id='word_1_125' title='bbox 792 1436 837 1477; x_wconf 78' lang='lat' dir='ltr'>eut</span> 
     </span>
     <span class='ocr_line' id='line_1_18' title="bbox 95 1498 836 1571; baseline 0 -19"><span class='ocrx_word' id='word_1_126' title='bbox 95 1498 183 1569; x_wconf 80' lang='lat' dir='ltr'>supplex</span> <span class='ocrx_word' id='word_1_127' title='bbox 193 1507 320 1571; x_wconf 86' lang='lat' dir='ltr'>prensaret</span> <span class='ocrx_word' id='word_1_128' title='bbox 332 1503 447 1553; x_wconf 80' lang='lat' dir='ltr'>homines</span> <span class='ocrx_word' id='word_1_129' title='bbox 453 1521 460 1562; x_wconf 84' lang='lat'>;</span> <span class='ocrx_word' id='word_1_130' title='bbox 478 1501 519 1551; x_wconf 87' lang='lat' dir='ltr'>sed</span> <span class='ocrx_word' id='word_1_131' title='bbox 529 1513 598 1552; x_wconf 88' lang='lat' dir='ltr'>nent</span> <span class='ocrx_word' id='word_1_132' title='bbox 609 1518 641 1553; x_wconf 83' lang='lat' dir='ltr'>ex</span> <span class='ocrx_word' id='word_1_133' title='bbox 652 1503 768 1555; x_wconf 79' lang='lat' dir='ltr'>consueta</span> <span class='ocrx_word' id='word_1_134' title='bbox 779 1505 836 1570; x_wconf 88' lang='lat' dir='ltr'>qui·</span> 
     </span>
     <span class='ocr_line' id='line_1_19' title="bbox 96 1577 839 1649; baseline 0.004 -20"><span class='ocrx_word' id='word_1_135' title='bbox 96 1577 143 1630; x_wconf 80' lang='lat' dir='ltr'>dent</span> <span class='ocrx_word' id='word_1_136' title='bbox 162 1581 288 1649; x_wconf 79' lang='lat' dir='ltr'>asperitate</span> <span class='ocrx_word' id='word_1_137' title='bbox 307 1581 430 1633; x_wconf 83' lang='lat' dir='ltr'>orationis</span> <span class='ocrx_word' id='word_1_138' title='bbox 452 1583 538 1646; x_wconf 83' lang='lat' dir='ltr'>(quum</span> <span class='ocrx_word' id='word_1_139' title='bbox 553 1580 584 1629; x_wconf 82' lang='lat' dir='ltr'>ad</span> <span class='ocrx_word' id='word_1_140' title='bbox 600 1581 721 1648; x_wconf 86' lang='lat' dir='ltr'>populum</span> <span class='ocrx_word' id='word_1_141' title='bbox 740 1580 839 1647; x_wconf 77' lang='lat' dir='ltr'>agenda</span> 
     </span>
     <span class='ocr_line' id='line_1_20' title="bbox 96 1658 841 1729; baseline -0.001 -20"><span class='ocrx_word' id='word_1_142' title='bbox 96 1658 156 1709; x_wconf 71' lang='lat' dir='ltr'>taust</span> <span class='ocrx_word' id='word_1_143' title='bbox 171 1660 234 1725; x_wconf 80' lang='lat' dir='ltr'>effer)</span> <span class='ocrx_word' id='word_1_144' title='bbox 251 1660 349 1729; x_wconf 84' lang='lat' dir='ltr'>aliquid</span> <span class='ocrx_word' id='word_1_145' title='bbox 367 1658 454 1709; x_wconf 89' lang='lat' dir='ltr'>leniret</span> <span class='ocrx_word' id='word_1_146' title='bbox 476 1668 550 1723; x_wconf 82' lang='lat' dir='ltr'>atque</span> <span class='ocrx_word' id='word_1_147' title='bbox 567 1658 730 1709; x_wconf 80' lang='lat' dir='ltr'>submitteret.</span> <span class='ocrx_word' id='word_1_148' title='bbox 765 1659 841 1709; x_wconf 82' lang='lat' dir='ltr'>Idem</span> 
     </span>
     <span class='ocr_line' id='line_1_21' title="bbox 96 1734 838 1802; baseline -0.007 -15"><span class='ocrx_word' id='word_1_149' title='bbox 96 1734 178 1787; x_wconf 71' lang='lat' dir='ltr'>habitin</span> <span class='ocrx_word' id='word_1_150' title='bbox 188 1740 246 1802; x_wconf 83' lang='lat' dir='ltr'>oris,</span> <span class='ocrx_word' id='word_1_151' title='bbox 263 1738 356 1789; x_wconf 86' lang='lat' dir='ltr'>eadem</span> <span class='ocrx_word' id='word_1_152' title='bbox 368 1736 525 1787; x_wconf 82' lang='lat' dir='ltr'>contumacia</span> <span class='ocrx_word' id='word_1_153' title='bbox 535 1735 562 1783; x_wconf 92' lang='lat' dir='ltr'>in</span> <span class='ocrx_word' id='word_1_154' title='bbox 581 1734 663 1797; x_wconf 77' lang='lat' dir='ltr'>vultu,</span> <span class='ocrx_word' id='word_1_155' title='bbox 680 1734 747 1785; x_wconf 89' lang='lat' dir='ltr'>idem</span> <span class='ocrx_word' id='word_1_156' title='bbox 763 1736 789 1783; x_wconf 88' lang='lat' dir='ltr'>in</span> <span class='ocrx_word' id='word_1_157' title='bbox 806 1750 838 1782; x_wconf 89' lang='lat' dir='ltr'>o-</span> 
     </span>
     <span class='ocr_line' id='line_1_22' title="bbox 95 1810 838 1883; baseline -0.003 -22"><span class='ocrx_word' id='word_1_158' title='bbox 95 1813 177 1865; x_wconf 84' lang='lat' dir='ltr'>ratione</span> <span class='ocrx_word' id='word_1_159' title='bbox 193 1816 290 1883; x_wconf 71' lang='lat' dir='ltr'>spiritur</span> <span class='ocrx_word' id='word_1_160' title='bbox 311 1825 383 1867; x_wconf 81' lang='lat' dir='ltr'>erat:</span> <span class='ocrx_word' id='word_1_161' title='bbox 401 1812 463 1863; x_wconf 81' lang='lat' dir='ltr'>adeo</span> <span class='ocrx_word' id='word_1_162' title='bbox 479 1822 508 1861; x_wconf 90' lang='lat' dir='ltr'>ut</span> <span class='ocrx_word' id='word_1_163' title='bbox 523 1827 615 1877; x_wconf 77' lang='lat' dir='ltr'>magna</span> <span class='ocrx_word' id='word_1_164' title='bbox 625 1826 681 1878; x_wconf 76' lang='lat' dir='ltr'>pare</span> <span class='ocrx_word' id='word_1_165' title='bbox 693 1810 771 1877; x_wconf 76' lang='lat' dir='ltr'>plebis</span> <span class='ocrx_word' id='word_1_166' title='bbox 783 1816 838 1878; x_wconf 81' lang='lat' dir='ltr'>Ap-</span> 
     </span>
     <span class='ocr_line' id='line_1_23' title="bbox 96 1887 836 1959; baseline -0.007 -18"><span class='ocrx_word' id='word_1_167' title='bbox 96 1889 154 1959; x_wconf 87' lang='lat' dir='ltr'>pium</span> <span class='ocrx_word' id='word_1_168' title='bbox 163 1908 211 1943; x_wconf 86' lang='lat' dir='ltr'>non</span> <span class='ocrx_word' id='word_1_169' title='bbox 222 1896 306 1945; x_wconf 79' lang='lat' dir='ltr'>minus</span> <span class='ocrx_word' id='word_1_170' title='bbox 321 1906 393 1941; x_wconf 90' lang='lat' dir='ltr'>reum</span> <span class='ocrx_word' id='word_1_171' title='bbox 405 1892 511 1953; x_wconf 90' lang='lat' dir='ltr'>timeret,</span> <span class='ocrx_word' id='word_1_172' title='bbox 523 1894 597 1954; x_wconf 61' lang='lat' dir='ltr'>qufam</span> <span class='ocrx_word' id='word_1_173' title='bbox 609 1887 734 1937; x_wconf 88' lang='lat' dir='ltr'>consulem</span> <span class='ocrx_word' id='word_1_174' title='bbox 746 1888 836 1937; x_wconf 88' lang='lat' dir='ltr'>timue-</span> 
     </span>
     <span class='ocr_line' id='line_1_24' title="bbox 95 1964 841 2033; baseline -0.009 -9"><span class='ocrx_word' id='word_1_175' title='bbox 95 1979 135 2017; x_wconf 82' lang='lat' dir='ltr'>rat.</span> <span class='ocrx_word' id='word_1_176' title='bbox 165 1972 240 2023; x_wconf 74' lang='lat' dir='ltr'>Semel</span> <span class='ocrx_word' id='word_1_177' title='bbox 259 1969 364 2023; x_wconf 85' lang='lat' dir='ltr'>causam</span> <span class='ocrx_word' id='word_1_178' title='bbox 383 1968 456 2029; x_wconf 82' lang='lat' dir='ltr'>dixit,</span> <span class='ocrx_word' id='word_1_179' title='bbox 480 1982 532 2031; x_wconf 90' lang='lat' dir='ltr'>quo</span> <span class='ocrx_word' id='word_1_180' title='bbox 552 1964 647 2033; x_wconf 88' lang='lat' dir='ltr'>semper</span> <span class='ocrx_word' id='word_1_181' title='bbox 665 1980 738 2031; x_wconf 74' lang='lat' dir='ltr'>agere</span> <span class='ocrx_word' id='word_1_182' title='bbox 753 1966 841 2017; x_wconf 76' lang='lat' dir='ltr'>omnia</span> 
     </span>
     <span class='ocr_line' id='line_1_25' title="bbox 95 2042 885 2113; baseline 0.004 -21"><span class='ocrx_word' id='word_1_183' title='bbox 95 2042 168 2097; x_wconf 84' lang='lat' dir='ltr'>solitus</span> <span class='ocrx_word' id='word_1_184' title='bbox 186 2061 245 2113; x_wconf 80' lang='lat' dir='ltr'>erat,</span> <span class='ocrx_word' id='word_1_185' title='bbox 261 2046 421 2101; x_wconf 84' lang='lat' dir='ltr'>accusatorio</span> <span class='ocrx_word' id='word_1_186' title='bbox 440 2044 537 2111; x_wconf 86' lang='lat' dir='ltr'>spiritu.</span> <span class='ocrx_word' id='word_1_187' title='bbox 570 2042 683 2109; x_wconf 77' lang='lat' dir='ltr'>adeoque</span> <span class='ocrx_word' id='word_1_188' title='bbox 703 2044 839 2095; x_wconf 70' lang='lat' dir='ltr'>conuertit</span> <span class='ocrx_word' id='word_1_189' title='bbox 879 2046 885 2055; x_wconf 88' lang='grc'><em>“</em></span> 
     </span>
     <span class='ocr_line' id='line_1_26' title="bbox 95 2120 839 2191; baseline -0.003 -18"><span class='ocrx_word' id='word_1_190' title='bbox 95 2120 131 2173; x_wconf 78' lang='lat' dir='ltr'>sui</span> <span class='ocrx_word' id='word_1_191' title='bbox 144 2124 166 2176; x_wconf 70' lang='grc' dir='ltr'><strong>ἃ</strong></span> <span class='ocrx_word' id='word_1_192' title='bbox 180 2128 293 2179; x_wconf 79' lang='lat' dir='ltr'>tribunos</span> <span class='ocrx_word' id='word_1_193' title='bbox 314 2122 477 2191; x_wconf 79' lang='lat' dir='ltr'>obstupefecit</span> <span class='ocrx_word' id='word_1_194' title='bbox 496 2121 522 2173; x_wconf 73' lang='lat' dir='ltr'>dt</span> <span class='ocrx_word' id='word_1_195' title='bbox 541 2121 648 2188; x_wconf 86' lang='lat' dir='ltr'>plebem,</span> <span class='ocrx_word' id='word_1_196' title='bbox 665 2132 693 2172; x_wconf 91' lang='lat' dir='ltr'>ut</span> <span class='ocrx_word' id='word_1_197' title='bbox 711 2121 777 2173; x_wconf 88' lang='lat' dir='ltr'>diem</span> <span class='ocrx_word' id='word_1_198' title='bbox 793 2121 839 2189; x_wconf 80' lang='lat' dir='ltr'>ipsr</span> 
     </span>
     <span class='ocr_line' id='line_1_27' title="bbox 97 2197 838 2273; baseline -0.005 -21"><span class='ocrx_word' id='word_1_199' title='bbox 97 2199 133 2252; x_wconf 77' lang='lat' dir='ltr'>sut</span> <span class='ocrx_word' id='word_1_200' title='bbox 147 2205 270 2269; x_wconf 79' lang='lat' dir='ltr'>voluntate</span> <span class='ocrx_word' id='word_1_201' title='bbox 290 2202 465 2273; x_wconf 76' lang='lat' dir='ltr'>prodicerent:</span> <span class='ocrx_word' id='word_1_202' title='bbox 484 2199 548 2249; x_wconf 87' lang='lat' dir='ltr'>trahi</span> <span class='ocrx_word' id='word_1_203' title='bbox 559 2197 712 2251; x_wconf 79' lang='lat' dir='ltr'>deluderem</span> <span class='ocrx_word' id='word_1_204' title='bbox 722 2198 838 2251; x_wconf 69' lang='lat' dir='ltr'>sinerent.</span> 
     </span>
     <span class='ocr_line' id='line_1_28' title="bbox 96 2277 838 2346; baseline -0.003 -17"><span class='ocrx_word' id='word_1_205' title='bbox 96 2278 159 2329; x_wconf 77' lang='lat' dir='ltr'>tund</span> <span class='ocrx_word' id='word_1_206' title='bbox 169 2282 202 2335; x_wconf 83' lang='lat' dir='ltr'>ita</span> <span class='ocrx_word' id='word_1_207' title='bbox 218 2284 330 2337; x_wconf 89' lang='lat' dir='ltr'>multum</span> <span class='ocrx_word' id='word_1_208' title='bbox 341 2279 441 2333; x_wconf 86' lang='lat' dir='ltr'>interim</span> <span class='ocrx_word' id='word_1_209' title='bbox 452 2277 570 2346; x_wconf 81' lang='lat' dir='ltr'>temporis</span> <span class='ocrx_word' id='word_1_210' title='bbox 586 2277 644 2329; x_wconf 82' lang='lat' dir='ltr'>suit.</span> <span class='ocrx_word' id='word_1_211' title='bbox 676 2282 734 2327; x_wconf 79' lang='lat' dir='ltr'>ante</span> <span class='ocrx_word' id='word_1_212' title='bbox 745 2289 838 2341; x_wconf 78' lang='lat' dir='ltr'>temen,</span> 
     </span>
     <span class='ocr_line' id='line_1_29' title="bbox 98 2357 841 2431; baseline 0 -20"><span class='ocrx_word' id='word_1_213' title='bbox 98 2362 161 2421; x_wconf 71' lang='lat' dir='ltr'>quam</span> <span class='ocrx_word' id='word_1_214' title='bbox 177 2361 288 2431; x_wconf 78' lang='lat' dir='ltr'>prodllta</span> <span class='ocrx_word' id='word_1_215' title='bbox 307 2360 360 2409; x_wconf 83' lang='lat' dir='ltr'>dies</span> <span class='ocrx_word' id='word_1_216' title='bbox 380 2357 486 2419; x_wconf 81' lang='lat' dir='ltr'>veniret,</span> <span class='ocrx_word' id='word_1_217' title='bbox 510 2357 603 2408; x_wconf 82' lang='lat' dir='ltr'>morbo</span> <span class='ocrx_word' id='word_1_218' title='bbox 620 2358 735 2409; x_wconf 86' lang='lat' dir='ltr'>moritur.</span> <span class='ocrx_word' id='word_1_219' title='bbox 768 2358 841 2421; x_wconf 78' lang='lat' dir='ltr'>cujue</span> 
     </span>
     <span class='ocr_line' id='line_1_30' title="bbox 97 2433 842 2503; baseline -0.011 -13"><span class='ocrx_word' id='word_1_220' title='bbox 97 2448 164 2501; x_wconf 73' lang='lat' dir='ltr'>quum</span> <span class='ocrx_word' id='word_1_221' title='bbox 179 2438 350 2491; x_wconf 83' lang='lat' dir='ltr'>laudationem</span> <span class='ocrx_word' id='word_1_222' title='bbox 359 2435 453 2485; x_wconf 89' lang='lat' dir='ltr'>tribuni</span> <span class='ocrx_word' id='word_1_223' title='bbox 464 2433 542 2501; x_wconf 86' lang='lat' dir='ltr'>plebis</span> <span class='ocrx_word' id='word_1_224' title='bbox 552 2435 671 2503; x_wconf 87' lang='lat' dir='ltr'>impedire</span> <span class='ocrx_word' id='word_1_225' title='bbox 682 2444 842 2497; x_wconf 74' lang='lat' dir='ltr'>conarentur,</span> 
     </span>
     <span class='ocr_line' id='line_1_31' title="bbox 97 2510 839 2579; baseline -0.007 -15"><span class='ocrx_word' id='word_1_226' title='bbox 97 2512 267 2579; x_wconf 76' lang='lat' dir='ltr'>plebrtraudari</span> <span class='ocrx_word' id='word_1_227' title='bbox 280 2514 375 2565; x_wconf 71' lang='lat' dir='ltr'>solenni</span> <span class='ocrx_word' id='word_1_228' title='bbox 387 2512 482 2563; x_wconf 83' lang='lat' dir='ltr'>honore</span> <span class='ocrx_word' id='word_1_229' title='bbox 494 2510 634 2578; x_wconf 81' lang='lat' dir='ltr'>supremum</span> <span class='ocrx_word' id='word_1_230' title='bbox 645 2512 712 2561; x_wconf 85' lang='lat' dir='ltr'>diem</span> <span class='ocrx_word' id='word_1_231' title='bbox 723 2512 786 2560; x_wconf 81' lang='lat' dir='ltr'>tanti</span> <span class='ocrx_word' id='word_1_232' title='bbox 798 2510 839 2559; x_wconf 71' lang='lat' dir='ltr'>vi·</span> 
     </span>
     <span class='ocr_line' id='line_1_32' title="bbox 99 2587 841 2655; baseline 0.001 -18"><span class='ocrx_word' id='word_1_233' title='bbox 99 2589 216 2654; x_wconf 68' lang='lat' dir='ltr'>rinoluit3</span> <span class='ocrx_word' id='word_1_234' title='bbox 233 2594 258 2649; x_wconf 69' lang='grc' dir='ltr'>ἀ</span> <span class='ocrx_word' id='word_1_235' title='bbox 278 2590 448 2643; x_wconf 84' lang='lat' dir='ltr'>laudationem</span> <span class='ocrx_word' id='word_1_236' title='bbox 466 2599 518 2638; x_wconf 86' lang='lat' dir='ltr'>tam</span> <span class='ocrx_word' id='word_1_237' title='bbox 534 2588 727 2655; x_wconf 66' lang='lat' dir='ltr'>equitantibus</span> <span class='ocrx_word' id='word_1_238' title='bbox 744 2587 841 2638; x_wconf 86' lang='lat' dir='ltr'>mortui</span> 
     </span>
     <span class='ocr_line' id='line_1_33' title="bbox 99 2657 842 2737; baseline 0.003 -26"><span class='ocrx_word' id='word_1_239' title='bbox 99 2662 192 2729; x_wconf 82' lang='lat' dir='ltr'>audivit,</span> <span class='ocrx_word' id='word_1_240' title='bbox 209 2657 286 2735; x_wconf 81' lang='lat' dir='ltr'>quani</span> <span class='ocrx_word' id='word_1_241' title='bbox 305 2666 363 2719; x_wconf 85' lang='lat' dir='ltr'>vivi</span> <span class='ocrx_word' id='word_1_242' title='bbox 382 2661 564 2737; x_wconf 79' lang='lat' dir='ltr'>accusationem</span> <span class='ocrx_word' id='word_1_243' title='bbox 582 2665 709 2725; x_wconf 64' lang='lat' dir='ltr'>audieratt</span> <span class='ocrx_word' id='word_1_244' title='bbox 725 2663 750 2716; x_wconf 67' lang='grc' dir='ltr'>ἃ</span> <span class='ocrx_word' id='word_1_245' title='bbox 769 2662 842 2717; x_wconf 78' lang='lat' dir='ltr'>exse-</span> 
     </span>
     <span class='ocr_line' id='line_1_34' title="bbox 100 2742 445 2813; baseline 0 -24"><span class='ocrx_word' id='word_1_246' title='bbox 100 2742 160 2809; x_wconf 79' lang='lat' dir='ltr'>quias</span> <span class='ocrx_word' id='word_1_247' title='bbox 174 2745 288 2813; x_wconf 77' lang='lat' dir='ltr'>frequens</span> <span class='ocrx_word' id='word_1_248' title='bbox 300 2742 445 2795; x_wconf 80' lang='lat' dir='ltr'>celebrauit.</span> 
     </span>
    </p>

    <p class='ocr_par' dir='ltr' id='par_1_5' title="bbox 102 2818 843 2968">
     <span class='ocr_line' id='line_1_35' title="bbox 128 2818 843 2883; baseline 0.003 -14"><span class='ocrx_word' id='word_1_249' title='bbox 128 2824 205 2877; x_wconf 83' lang='lat' dir='ltr'>tht.</span> <span class='ocrx_word' id='word_1_250' title='bbox 224 2822 321 2873; x_wconf 88' lang='lat' dir='ltr'>Eodem</span> <span class='ocrx_word' id='word_1_251' title='bbox 339 2836 407 2875; x_wconf 81' lang='lat' dir='ltr'>auno</span> <span class='ocrx_word' id='word_1_252' title='bbox 424 2818 538 2869; x_wconf 79' lang='lat' dir='ltr'>Valerius</span> <span class='ocrx_word' id='word_1_253' title='bbox 547 2821 641 2883; x_wconf 81' lang='lat' dir='ltr'>consul,</span> <span class='ocrx_word' id='word_1_254' title='bbox 658 2834 716 2871; x_wconf 85' lang='lat' dir='ltr'>eum</span> <span class='ocrx_word' id='word_1_255' title='bbox 727 2820 843 2874; x_wconf 76' lang='lat' dir='ltr'>exercitu</span> 
     </span>
     <span class='ocr_line' id='line_1_36' title="bbox 102 2894 843 2968; baseline 0 -21"><span class='ocrx_word' id='word_1_256' title='bbox 102 2894 220 2965; x_wconf 75' lang='lat' dir='ltr'>uuquos</span> <span class='ocrx_word' id='word_1_257' title='bbox 231 2900 364 2968; x_wconf 71' lang='lat' dir='ltr'>meletius,</span> <span class='ocrx_word' id='word_1_258' title='bbox 381 2912 458 2961; x_wconf 89' lang='lat' dir='ltr'>quum</span> <span class='ocrx_word' id='word_1_259' title='bbox 471 2897 565 2947; x_wconf 80' lang='lat' dir='ltr'>holtem</span> <span class='ocrx_word' id='word_1_260' title='bbox 580 2897 612 2947; x_wconf 85' lang='lat' dir='ltr'>ad</span> <span class='ocrx_word' id='word_1_261' title='bbox 623 2898 734 2965; x_wconf 72' lang='lat' dir='ltr'>proelium</span> <span class='ocrx_word' id='word_1_262' title='bbox 750 2898 843 2947; x_wconf 79' lang='lat' dir='ltr'>elicere</span> 
     </span>
    </p>
   </div>
   <div class='ocr_carea' id='block_1_5' title="bbox 102 2962 843 3099">
    <p class='ocr_par' dir='ltr' id='par_1_6' title="bbox 102 2962 843 3099">
     <span class='ocr_line' id='line_1_37' title="bbox 102 2962 843 3099; baseline -0.004 -74"><span class='ocrx_word' id='word_1_263' title='bbox 102 2986 145 3025; x_wconf 82' lang='lat' dir='ltr'>ron</span> <span class='ocrx_word' id='word_1_264' title='bbox 157 2977 241 3047; x_wconf 84' lang='lat' dir='ltr'>pollet,</span> <span class='ocrx_word' id='word_1_265' title='bbox 257 2977 334 3029; x_wconf 80' lang='lat' dir='ltr'>eastra</span> <span class='ocrx_word' id='word_1_266' title='bbox 351 2988 494 3043; x_wconf 74' lang='lat' dir='ltr'>oppugnare</span> <span class='ocrx_word' id='word_1_267' title='bbox 513 2962 548 3027; x_wconf 71' lang='lat' dir='ltr'>eil</span> <span class='ocrx_word' id='word_1_268' title='bbox 565 2974 675 3029; x_wconf 64' lang='lat' dir='ltr'>mortu.</span> <span class='ocrx_word' id='word_1_269' title='bbox 708 2972 843 3099; x_wconf 53' lang='lat' dir='ltr'>thipffi</span> 
     </span>
    </p>
   </div>
   <div class='ocr_carea' id='block_1_6' title="bbox 0 0 1008 3692">
    <p class='ocr_par' dir='ltr' id='par_1_7' title="bbox 0 0 1008 3692">
     <span class='ocr_line' id='line_1_38' title="bbox 0 0 1008 3692; baseline 0 0"><span class='ocrx_word' id='word_1_270' title='bbox 0 0 1008 3692; x_wconf 95' lang='lat' dir='ltr'> </span> 
     </span>
    </p>
   </div>
  </div>
 </body>
</html>
