1992 3692
143 142 194 201 2³6
331 122 337 129 '
402 144 438 193 τ.
474 140 631 193 nrvrr

140 230 217 281 mitur
233 226 389 295 hinnitusque
406 244 536 295 equorum,
559 229 611 293 qui,
636 226 662 276 ἃ
678 200 780 276 insucto
792 224 903 280 sedente

140 309 232 375 equite,
250 310 275 361 δι
297 307 395 375 iusuper
417 323 486 358 auree
505 308 614 371 agitante
632 304 723 370 sonitu,
745 290 902 374 seyiebant,

141 386 250 437 intentor
262 388 331 437 velut
340 386 389 436 ad
382 389 505 452 impetum
514 385 620 434 bostrum
630 394 719 433 tenuit.
868 422 881 433 .

148 510 154 519 .
175 468 259 515 va.
277 464 326 513 Ubi
345 463 436 527 illuxit,
465 466 600 523 Romanus,
625 461 721 525 integer
740 458 901 532 satiaquue

141 540 230 599 somno
247 541 378 609 produslur
397 542 424 589 in
442 542 529 603 aciem,
546 536 633 588 sessum
648 538 734 589 stando
754 539 780 589 ἃ
798 540 901 603 vigiliis

141 618 261 681 Volsctun
280 620 360 686 primo
380 620 475 685 impetu
493 617 606 685 perculit.
640 632 783 681 quanquam
804 616 899 666 cessere

140 696 227 759 magis,
244 702 317 761 quem
328 696 388 763 pulsi
399 696 478 745 hostes
489 694 557 745 sunt:
576 694 635 759 quia
641 695 675 742 ab
686 704 757 757 tergo
767 704 842 743 erant
851 695 899 744 cli·

140 770 177 835 vi‚
195 772 222 821 in
233 788 295 837 quos
311 773 365 840 post
382 773 504 840 principia
519 774 621 837 integris
634 772 762 821 ordinibus
773 782 845 823 tutus
856 791 900 824 re·

140 860 228 916 ceptus
238 849 295 901 suit.
331 849 431 914 Consul,
449 851 492 901 ubi
509 850 541 899 ad
558 851 672 915 iniquum
690 850 774 899 locum
787 862 900 905 ventum

141 927 185 992 est,
201 926 258 979 srslit
268 930 356 978 aciem.
390 929 460 979 miles
471 932 534 993 aegre
547 927 634 991 teneri,
651 928 756 976 clamare
768 928 794 976 ἃ
805 930 901 995 posce-

141 1020 177 1068 re,
194 1016 222 1055 ut
233 1006 345 1072 perculsis
356 1006 443 1067 instare
453 1006 533 1055 liccat.
567 1006 684 1055 Ferocius
694 1015 772 1068 egum
782 1007 900 1071 equitesz

141 1082 281 1139 circumfusi
301 1084 359 1133 duci
384 1082 563 1145 vociferantur,
587 1080 612 1131 se
630 1090 687 1129 aute
712 1080 779 1145 signa
801 1083 898 1135 ituros.

59 1154 66 1161 ’
142 1162 213 1217 Dum
230 1161 356 1211 cuniiatur
375 1159 467 1225 consul,
484 1161 578 1210 virtute
600 1158 707 1207 militum
727 1158 816 1231 frenis,
834 1161 900 1211 loco

142 1241 231 1305 parum
250 1236 335 1303 fidens,
358 1239 521 1301 conclamant,
545 1238 570 1287 se
589 1237 681 1287 ituros:
707 1236 899 1305 clamoremque

143 1329 181 1374 res
196 1314 229 1363 est
240 1313 331 1365 secuta.
365 1316 434 1365 Fixis
445 1316 471 1364 in
487 1324 578 1363 terram
589 1314 653 1381 pilis,
669 1315 718 1379 qub
734 1313 844 1363 leviores
855 1332 901 1365 ar·

141 1391 191 1441 dua
202 1392 343 1457 evaderent,
361 1392 432 1444 cursu
443 1393 556 1443 subeunt.
575 1391 687 1453 Volscus,
703 1390 783 1440 effufis
798 1392 831 1441 ad
842 1396 899 1459 pri-

142 1482 212 1517 mum
222 1469 344 1535 impetum
354 1468 479 1519 missilibus
490 1469 552 1532 relic,
569 1467 628 1518 saxa
639 1468 778 1530 obiacentia
788 1469 902 1534 pedibus

142 1542 233 1613 ingerit
254 1547 281 1595 in
298 1545 435 1612 subeuntes,
455 1546 615 1618 turbatosque
632 1544 719 1595 iiiibus
738 1545 831 1595 crebris
851 1564 899 1598 ur·

141 1633 202 1687 guet
219 1638 251 1673 ex
268 1623 394 1692 superiore
404 1626 471 1675 loco.
499 1626 545 1681 ,Sic
555 1628 632 1692 prope
647 1634 777 1673 oneratum
788 1626 823 1673 est
837 1626 899 1677 fini.

141 1699 217 1751 sirum
234 1704 352 1753 Romanis
372 1718 458 1767 cornu,
481 1703 513 1772 ni¹
532 1702 692 1751 referentibus
711 1702 765 1765 jam
786 1705 899 1767 gradum

140 1776 235 1840 consul,
253 1778 402 1847 increpando
422 1778 491 1829 simul
509 1781 680 1841 temeritatem,
702 1778 773 1830 fimul
791 1781 899 1845 ignavi·

139 1869 191 1917 am,
208 1853 303 1921 pudore
317 1866 411 1905 metum
427 1851 571 1905 excudisset.
604 1855 722 1905 Restitere
742 1856 828 1923 primo
848 1859 898 1909 ob-

139 1930 233 1981 stinatis
249 1934 353 1990 animis:
371 1932 466 1999 deinde,
483 1944 513 1983 nt
532 1935 557 1984 in
570 1934 709 1998 obtinentes
728 1934 816 2002 locum
828 1938 901 1988 vires

139 2004 261 2075 serebant,
284 2008 375 2059 audent
392 2010 458 2059 ultro
478 2010 582 2075 gradum
601 2011 689 2060 inferre
698 2028 706 2071 ;
731 2010 766 2073 dc,
784 2012 899 2064 clamore.

138 2096 271 2153 renovato,
284 2098 445 2137 commovent
456 2089 543 2137 aciem.
572 2100 626 2137 tum
636 2086 725 2149 misus,
742 2087 843 2154 impetu
855 2107 898 2140 ca·

139 2170 193 2231 pto,
219 2162 352 2225 enituntur,
381 2174 456 2229 atque
479 2164 628 2231 exsuperant
650 2163 809 2227 iniquitatem
833 2166 897 2216 loci.

98 2291 106 2306 ¹
140 2238 204 2301 Jam
215 2240 293 2305 propit
310 2248 370 2301 erat,
387 2251 416 2290 ut
433 2238 458 2289 in
478 2237 603 2291 summurn
619 2240 700 2289 clivi
691 2256 782 2304 jugum
800 2228 896 2293 evade·

116 2328 121 2335 ·
139 2323 202 2377 rent,
220 2330 297 2381 quum
312 2326 380 2380 terga
394 2317 472 2367 hostes
487 2309 589 2369 dedere:
607 2316 733 2381 effusoque
744 2316 819 2367 cursu
831 2325 896 2387 pene

138 2380 237 2457 agmine
247 2408 298 2443 uno
309 2393 430 2459 fugientes
442 2386 617 2482 sequentesque
629 2394 709 2443 eastris
720 2394 897 2447 incidereln

139 2485 171 2541 eo
183 2485 288 2535 pavore
283 2470 368 2521 castra
387 2472 527 2538 capiuntur.
562 2471 607 2537 qui
620 2467 770 2521 Volscorum
782 2472 897 2539 effugere

139 2557 282 2623 potuerunt,
301 2548 405 2597 Antium
422 2559 518 2615 petunt.
553 2547 657 2597 Antium
668 2547 693 2597 de
705 2550 836 2599 Romanus
848 2566 894 2600 ex
898 2546 902 2552 ’

137 2622 230 2675 'orcitus
239 2622 339 2675 dusius:
357 2640 451 2691 paucos
461 2620 643 2679 circumsessum
653 2622 703 2673 dies
715 2624 825 2689 deditur,
836 2622 897 2677 nul

138 2696 162 2750 lt
171 2702 371 2765 oppugnantium
388 2700 492 2751 novi
467 2718 513 2760 v1;
529 2700 569 2751 sed
589 2698 681 2765 qubd'
671 2716 723 2763 Jam
737 2702 796 2751 inde
808 2705 862 2754 ab'
854 2720 894 2754 ιιι-
899 2773 902 2781 Ι

46 2806 49 2813 ·
137 2773 204 2831 felici
215 2791 298 2845 pugna
314 2776 442 2847 castrisque
453 2776 541 2830 amisse
551 2776 690 2829 ceciderant
701 2779 790 2827 animi.

719 2928 895 2986 LIBER
949 2973 954 2981 ,
