1992 3692
173 248 223 302 144
430 232 659 289 Τ.’Ῑ,ΙῊῙ

207 334 255 383 vi.
274 322 382 381 Comitia
393 328 449 379 inde
460 330 556 395 habitas
588 329 664 378 creati
674 326 788 377 eonsules
800 326 836 376 L.
852 326 942 380 AEbu·

172 410 230 474 tius,
248 412 275 459 Ρ.
288 409 403 459 Servilius
415 407 529 456 Kalendis
548 406 689 469 Sextilibtu,
705 414 735 454 ut
753 414 819 454 tunc
837 407 940 472 princi·

173 488 242 554 pitun
256 487 315 535 enni
329 484 455 550 agebatur,
473 482 627 534 consulatum
637 483 733 532 luerint.
760 484 858 531 Grave
870 493 939 531 tem·

168 578 218 630 pus
229 564 255 614 dc
265 564 328 613 sorti
339 576 416 613 annus
425 560 537 629 pestilens
550 570 604 609 erat
613 560 670 608 urbi
681 557 808 624 agrisque,
826 569 880 609 nec
889 562 940 609 lio-

171 642 278 709 minibus
294 643 381 706 tnagis,
398 645 471 707 quim
487 640 588 707 pecori;
606 638 632 687 dc
650 652 744 686 auxere
760 638 821 686 vim
836 639 939 700 morbi,

125 744 128 751 ‚
170 728 264 769 terrore
276 720 444 787 populationis
456 716 586 785 pecoribus
598 713 781 780 agrestibusque
793 716 823 764 in
838 717 939 766 urbem

169 798 285 863 acceptis.
320 800 355 846 Ea
372 797 484 846 colluvio
503 795 640 843 mixtorum
657 794 739 843 omnis
755 795 860 857 generis
877 797 937 843 ani-

170 873 292 921 mantium
304 872 329 922 u
340 872 417 923 odore
429 870 529 921 insolito
542 870 657 933 urbanos,
675 870 701 919 dc
717 870 851 934 agrestem,
870 887 937 921 con·

170 947 261 999 l'erturn
276 950 301 998 in
315 948 380 999 arlia
397 946 467 1011 testa,
486 948 542 997 aellu
557 962 587 995 ac
603 948 696 1011 vigiliis
711 946 834 1011 angebat,
852 950 936 999 mini·

170 1024 289 1090 steriaque
300 1026 325 1074 ln
337 1026 418 1074 vicem
429 1040 458 1073 ac
473 1023 589 1097 contagio
597 1024 648 1090 ipla
661 1024 805 1089 vulgabant-
813 1028 936 1077 morbos.

170 1104 223 1152 Vix
235 1104 347 1154 instantes
367 1103 536 1153 sustinentibus
550 1102 629 1152 cudo
649 1104 749 1167 repenti
762 1103 846 1166 legati
864 1106 934 1154 Her-

155 1180 220 1233 nici
233 1182 360 1245 nunciant,
377 1182 401 1231 in
413 1194 474 1247 agro
486 1179 531 1229 suo
546 1172 639 1244 Ifflquos
650 1178 808 1244 Volscosque
819 1182 932 1244 conjun-

171 1255 214 1307 tiis
230 1252 308 1327 copiis
323 1258 396 1308 castra
410 1255 523 1327 posuille.
557 1257 615 1305 inde
631 1257 742 1305 exercitu
753 1256 856 1320 ingenti
868 1258 933 1308 fines

171 1330 227 1382 suos
238 1332 391 1400 depopulari.
426 1334 590 1397 Ptaeterquam
608 1331 673 1397 quod
690 1331 837 1398 infrequens
858 1333 930 1382 sena·

119 1422 121 1426 ·
170 1418 209 1458 tus
226 1410 319 1460 indicio
338 1420 390 1461 erat
407 1409 485 1473 sociis,
503 1408 618 1458 ailliflanr
637 1410 766 1458 civitatem
786 1410 930 1475 pestilentii

170 1484 225 1548 elle,
242 1490 353 1539 mollum
375 1490 449 1538 etiam
466 1488 609 1555 rciponsum
627 1485 724 1536 tulere:
741 1494 767 1535 nt
780 1499 828 1553 per
840 1492 870 1555 se
887 1488 930 1556 ἱρῇ
969 1503 970 1506 ’

170 1562 260 1611 Hernici
268 1578 315 1613 cum
333 1566 418 1615 Latinis
434 1580 470 1613 ret
479 1567 533 1630 seint
549 1571 679 1613 turrenner.
705 1560 791 1611 Urbem
802 1566 929 1613 Romanam

161 1638 236 1704 finni
248 1640 322 1689 Deum
335 1642 368 1693 ini
380 1641 450 1691 morbo
458 1642 566 1707 populoei.
588 1643 663 1707 Siqua
678 1641 724 1704 ejus
735 1640 789 1688 mali
803 1630 866 1707 pidet
883 1650 926 1690 ve·-

169 1717 224 1778 αἶαν,
237 1726 261 1765 ut
272 1734 325 1765 anno
335 1724 392 1782 anti,
410 1728 434 1767 ut
441 1720 529 1785 semper
538 1718 603 1781 alitis,
615 1718 751 1783 sociisopem
761 1717 854 1767 laturae
867 1718 926 1767 Dis·

170 1790 258 1841 cessere
270 1792 338 1857 socii,
356 1810 401 1862 pro
422 1794 481 1844 trilli
498 1795 591 1843 nuncio
609 1794 738 1843 tristiorem
759 1793 867 1843 domurn
882 1810 924 1844 re-

169 1866 290 1930 ferentes;
308 1871 397 1938 quippe
409 1870 497 1937 quibus
512 1885 556 1934 per
572 1868 596 1918 se
611 1869 775 1918 sustinendum
789 1870 887 1920 bellum
898 1888 924 1920 e-

168 1957 215 2009 rat,
227 1948 293 2012 quod
307 1949 352 1997 vix
370 1948 486 1998 Romanis
497 1946 553 1996 fulti
564 1948 659 1997 viribus
670 1946 845 1998 sustinuissent.
864 1952 925 1999 Non

169 2022 263 2073 diutius
274 2026 298 2073 se
310 2027 334 2074 in
348 2028 457 2076 Hernico
469 2027 542 2077 hollis
558 2028 690 2076 continuit.
723 2026 807 2093 pergit
818 2028 877 2077 inde
888 2030 924 2077 in-

167 2098 240 2149 fenus
255 2103 280 2150 in
300 2118 372 2166 agros
384 2108 519 2167 Romanos,
536 2105 611 2154 etiam
628 2104 677 2173 sine
687 2100 746 2153 belli
763 2105 860 2168 injuria
877 2122 923 2155 va·

110 2195 117 2207 ν
167 2166 251 2226 llutos.
285 2180 333 2229 Ubi
351 2185 428 2247 quuln
446 2184 538 2231 obvius
557 2198 640 2244 nemo,
656 2198 687 2231 ne
699 2184 801 2232 inermis
812 2184 923 2250 quidem,

168 2253 246 2318 fieret,
264 2270 355 2324 perque
368 2260 460 2324 omnia,
480 2276 531 2310 non
544 2260 656 2327 presidiis
669 2260 746 2309 rnodd
757 2262 863 2325 delecta,
881 2262 922 2312 sed

167 2334 242 2382 etiam
255 2336 321 2383 cultu
340 2337 436 2400 agresti,
456 2338 597 2398 tranlirent;
615 2353 750 2405 pervenere
769 2339 801 2387 ad
820 2342 922 2389 tertium

167 2412 273 2481 lapident
287 2412 385 2462 Gabini
396 2414 447 2463 vii.
473 2418 590 2464 Mortuus
599 2417 711 2465 AEbutius
723 2427 778 2465 erat
791 2420 923 2467 Romanus

167 2489 262 2542 consul.
297 2492 390 2557 collega
404 2493 455 2555 ejus
468 2493 584 2541 Servilius
594 2495 686 2558 exigua
701 2494 728 2541 in
744 2492 788 2560 ipe
806 2496 923 2547 inhebae

166 2570 283 2619 animam.
292 2568 371 2619 affeili
380 2570 488 2637 plerique
502 2571 757 2638 principum‚Patrum
765 2574 850 2632 maior
856 2590 921 2641 pars,

167 2646 279 2696 militaris
288 2646 337 2698 scri:
346 2659 401 2697 aetas
409 2649 489 2699 omnis
497 2666 504 2697 :
511 2661 542 2697 ur
550 2665 601 2698 non
610 2649 687 2698 modd
697 2648 727 2697 ad
737 2650 921 2717 expeditiones,

167 2732 227 2785 quas¹
239 2726 264 2773 in
279 2736 348 2775 tanto
360 2726 466 2774 tumultu
481 2740 517 2773 res
528 2724 652 2793 poscebat,
669 2727 709 2776 fed
721 2728 769 2777 vix
780 2728 812 2777 ad
824 2730 922 2795 quietas

137 2820 140 2834 ν
167 2797 281 2865 stationes
293 2803 387 2851 viribus
398 2802 542 2853 sufficerent.
568 2808 661 2855 Munus
670 2806 812 2875 vigiliarum
822 2807 921 2857 senato-

146 2918 152 2935 ,
167 2888 212 2936 ιτς,
230 2876 272 2941 qui
284 2894 329 2943 per
337 2882 644 2932 aeratemac-valemdinon
654 2894 776 2955 poterant,
786 2900 833 2950 per
842 2884 868 2934 se
877 2884 920 2953 ipsi

167 2950 285 3001 obibant:
303 2954 418 3004 circuitio
428 2972 456 3005 ac
474 2972 533 3009 cura
544 2958 650 3010 aedtlium
662 2960 741 3027 plebei
752 2971 814 3011 erat.
832 2962 865 3011 ad
877 2976 921 3011 eos

166 3026 263 3082 &mma
270 3044 353 3083 rerum
360 3047 389 3085 ac
400 3035 510 3101 majestas
519 3036 651 3090 consularis
664 3038 761 3110 imperii
770 3050 884 3088 venerat.
918 3064 923 3070 ·

783 3119 846 3167 Vll.
864 3118 917 3169 De·
