1992 3692
132 176 206 240 ,¹³2
426 162 462 213 τ.
496 162 656 217 Livii

154 232 274 325 quenoem
287 248 353 307 diem
371 254 531 318 pronunciari
541 247 736 319 quumjuffiiset,
752 249 837 319 ptimd
852 250 923 303 luce.

81 378 89 386 ,
155 328 252 379 clallico
263 327 359 395 signum
368 324 526 395 p'rofetlionis
538 328 615 381 dedit.
644 331 729 392 Quum
740 329 916 393 maximdag-

155 418 215 457 men
226 404 330 479 {castris
341 406 514 471 explicaretur,
532 401 625 468 Volsci,
642 416 671 455 ut
682 404 771 472 eodem
783 403 855 468 signo
867 419 918 455 ex·

156 476 236 547 citati,
247 482 390 533 novillimos
401 484 557 535 adoriuntur.
565 489 589 533 A
598 484 686 549 quibus
695 483 801 551 perlatus
813 481 846 531 ad
858 481 916 549 pri-

81 604 86 613 .
156 574 212 613 mos
223 560 349 625 tumultur,
361 574 392 611 eo
404 578 498 629 pavore
510 560 662 626 signaque&
673 560 772 610 ordines
783 558 916 622 turbavit,

156 642 185 688 'ut
195 652 275 705 neque
286 639 390 707 imperia
401 640 523 705 exaudiri,
539 654 620 705 neque
630 637 714 688 instrui
725 636 790 688 acies
800 634 916 703 poll'ent.

156 714 231 765 'nemo
242 717 322 781 ullius,
338 717 382 767 nist
394 716 466 782 fugae,
484 733 589 767 memor.
613 719 652 765 Ita
663 714 740 765 effuso
751 715 853 778 agmine
866 728 917 782 ρος

155 792 258 859 llragcm
274 810 407 863 corporum
418 810 593 860 armorumque
606 792 714 855 evasere,
730 803 760 841 ut
779 792 850 859 prirls
862 791 917 841 ho·

155 868 196 922 itis
208 870 327 923 desisteret
341 870 416 938 sequi,
435 879 509 939 qudm
521 876 647 921 Romanus
657 870 752 935 lugete.
779 869 917 935 Tandem,

156 940 264 999 'collettis
275 964 307 1001 ex
319 949 429 1017 diffipato
442 948 514 1000 cursu
524 950 651 1011 militibus,
667 945 760 1010 consul,
778 962 857 1013 quum
870 963 915 997 re-

155 1028 272 1079 vocando
289 1031 452 1094 nequicquam
469 1026 527 1079 suos
538 1025 678 1095 persecutus
693 1024 759 1089 essct,
778 1024 804 1074 in
816 1035 916 1093 pacato

156 1120 218 1171 agro
238 1106 314 1157 castra
331 1105 429 1177 posuit;
452 1105 622 1171 advocatique
644 1104 774 1167 concione,
792 1100 913 1153 inicitur

156 1183 223 1251 lraud
234 1184 295 1237 salso
313 1185 338 1237 in
350 1182 503 1251 proditorem
523 1184 660 1233 exercitum
674 1181 786 1231 militaris
797 1179 912 1247 discipli-

156 1276 203 1325 nae,
220 1258 368 1316 desertorem
380 1260 520 1326 llgnorum3
536 1261 580 1314 ubi
597 1260 671 1325 signa,
687 1259 731 1309 ubi
742 1274 811 1308 arma
822 1257 914 1317 essent.

155 1338 263 1404 fingulot
280 1340 396 1405 rogitans,
414 1339 518 1393 inermes
535 1339 634 1401 milltes,
649 1336 718 1401 signo
735 1334 822 1389 amilio
833 1334 911 1400 figni-

156 1416 238 1476 teron
256 1418 287 1470 ad
298 1418 347 1470 hoc
358 1417 513 1469 centuriones
524 1415 730 1489 duplicariosque,
747 1415 790 1481 qui
801 1414 912 1480 relique⁸

155 1503 212 1547 rant
223 1494 336 1560 ordines„
345 1495 422 1561 virgis
433 1494 507 1551 caesos
518 1495 595 1545 securi
606 1492 726 1561 percullit.
747 1504 830 1545 cetera
840 1493 910 1544 mul·

155 1570 239 1627 titudo
251 1570 316 1625 sorte
327 1570 436 1630 decimus
447 1570 549 1644 quisque
560 1570 592 1625 ad
603 1569 748 1637 supplicium
761 1568 827 1621 letti.

190 1651 248 1701 LX.
258 1648 351 1701 Contra
362 1663 399 1711 cn,
414 1648 440 1699 in
452 1648 538 1713 AEquis
549 1648 613 1702 inter
624 1646 748 1698 consulem
759 1662 788 1696 ac
798 1646 911 1701 militem

155 1726 273 1781 comitate
288 1741 316 1779 ac
335 1725 460 1781 boneficiis
478 1736 599 1792 certatum
610 1725 652 1779 est.
686 1724 712 1779 δι
723 1722 812 1779 natura
823 1724 910 1791 Quin·

156 1802 218 1857 dilus
230 1815 282 1854 erat
293 1804 380 1869 lenior,
399 1804 422 1853 a
435 1802 529 1859 saevitia
541 1802 628 1857 infelix
640 1803 747 1869 college,
757 1805 809 1871 quo
819 1802 841 1856 is
850 1818 908 1855 ma-

156 1883 194 1947 gis
206 1882 322 1947 gauderet
341 1882 441 1945 ingenio
453 1881 508 1944 suo,
524 1880 646 1937 effecerat.
680 1880 746 1935 Huic
757 1891 833 1936 tantae
845 1895 911 1930 con-

107 1956 110 1979 ¹'
155 1960 248 2015 cordiae
263 1960 332 2011 ducis
348 1959 519 2023 exercituique
538 1974 589 2010 non
607 1958 759 2015 aufiofferrc
776 1956 810 2024 sc,
829 1956 911 2024 AEqui

156 2038 243 2103 vagari
255 2036 459 2105 populabundum
471 2036 565 2090 hostem
574 2051 619 2103 per
629 2051 701 2102 agros
712 2035 778 2105 palli.
803 2038 861 2086 Nec
870 2034 911 2085 ul·

155 2115 182 2169 lo
194 2120 249 2168 ante
261 2106 326 2166 bello
340 2113 413 2168 latiur
424 2115 481 2169 indc
492 2114 550 2166 aaa
562 2113 657 2186 praedae·
685 2115 764 2166 omnis
775 2114 850 2168 militi
864 2114 910 2165 da.

155 2190 182 2245 ta
201 2194 243 2251 eil.
279 2192 442 2249 Addebannrr
460 2192 485 2248 δι,
504 2191 595 2255 laudes,
622 2191 719 2261 quibus,
736 2190 802 2244 haud
822 2192 912 2249 minua

155 2277 230 2343 quam
250 2270 360 2340 premio,
378 2270 489 2339 gaudent¹
503 2272 612 2340 militum
629 2271 714 2321 animi.
750 2274 821 2321 Tum
839 2270 911 2337 duci,

155 2360 210 2405 tum
221 2360 322 2419 propter
333 2349 421 2401 ducem
438 2348 551 2400 Patribus
566 2363 666 2419 quoquc
677 2347 797 2419 placatior
808 2351 910 2401 exerci-

154 2440 195 2487 tus
205 2429 294 2491 redilt;
305 2428 348 2485 sibl
360 2429 493 2495 potentem,
506 2426 576 2481 alteri
587 2426 707 2479 exercitui
719 2425 852 2484 dominmn
863 2427 910 2479 da-

157 2518 211 2563 tum
225 2509 257 2558 ab
269 2507 360 2569 senatu,
378 2519 526 2559 memorant.
550 2504 627 2559 Varii
638 2502 738 2558 fortunii
749 2504 821 2570 belli¹
837 2518 911 2559 atro-

156 2588 180 2637 ci
192 2586 313 2644 discordia
324 2584 393 2639 domi
410 2582 518 2647 forisque
537 2596 630 2633 annum
645 2581 769 2647 exodium,
784 2582 912 2649 insignem

156 2664 266 2713 maxlm'e
283 2661 384 2717 comitia
404 2660 496 2708 tributa
513 2657 620 2714 efficiunt
629 2676 638 2719 ;
654 2673 692 2712 res
708 2658 789 2722 major
799 2660 912 2714 vidtorio

88 2788 95 2797 ,
156 2736 261 2806 susceptl
272 2738 426 2807 certaminis,
444 2742 518 2803 quint
534 2733 588 2790 usu·
623 2735 677 2802 plut
694 2737 759 2791 enim
776 2737 913 2803 dignitatis

156 2816 264 2869 comitiis
276 2814 329 2882 ipssr
341 2812 475 2871 detradlum
486 2812 529 2875 est,
546 2811 657 2862 Patribus
668 2823 701 2861 ex
718 2812 826 2870 concilio
848 2815 910 2865 lub-

155 2891 295 2956 movendis,
313 2896 388 2957 qudm'
404 2893 497 2951 virium
513 2899 557 2946 aut
575 2889 643 2964 plebi
662 2889 774 2946 additum
792 2892 836 2960 est,
863 2904 912 2952 aut

154 2967 284 3047 tcnpnn
295 2968 415 3026 taurona

227 3064 232 3073 “
740 3048 816 3109 LXI,
834 3052 862 3101 T
864 3059 909 3106 ur·
