<?xml version="1.0" encoding="UTF-8"?>
<!DOCTYPE html PUBLIC "-//W3C//DTD XHTML 1.0 Transitional//EN"
    "http://www.w3.org/TR/xhtml1/DTD/xhtml1-transitional.dtd">
<html xmlns="http://www.w3.org/1999/xhtml" xml:lang="en" lang="en">
 <head>
  <title>
</title>
<meta http-equiv="Content-Type" content="text/html;charset=utf-8" />
  <meta name='ocr-system' content='tesseract 3.04.00' />
  <meta name='ocr-capabilities' content='ocr_page ocr_carea ocr_par ocr_line ocrx_word'/>
</head>
<body>
  <div class='ocr_page' id='page_1' title='image "./titiliviipatavi00ruddgoog_0431.png"; bbox 0 0 1992 3692; ppageno 0'>
   <div class='ocr_carea' id='block_1_1' title="bbox 43 256 897 3071">
    <p class='ocr_par' dir='ltr' id='par_1_1' title="bbox 43 256 846 1182">
     <span class='ocr_line' id='line_1_1' title="bbox 265 256 813 331; baseline 0.011 -28"><span class='ocrx_word' id='word_1_1' title='bbox 265 326 267 331; x_wconf 28' lang='grc' dir='ltr'>Ι</span> <span class='ocrx_word' id='word_1_2' title='bbox 294 258 368 311; x_wconf 72' lang='grc'>,111</span> <span class='ocrx_word' id='word_1_3' title='bbox 384 260 404 309; x_wconf 84' lang='grc' dir='ltr'><strong><em>Β</em></strong></span> <span class='ocrx_word' id='word_1_4' title='bbox 420 258 484 311; x_wconf 77' lang='lat' dir='ltr'>ER</span> <span class='ocrx_word' id='word_1_5' title='bbox 517 256 579 321; x_wconf 74' lang='lat' dir='ltr'>Vis.</span> <span class='ocrx_word' id='word_1_6' title='bbox 761 273 813 324; x_wconf 72' lang='lat'>4⁶⁹</span> 
     </span>
     <span class='ocr_line' id='line_1_2' title="bbox 49 346 814 415; baseline 0.003 -19"><span class='ocrx_word' id='word_1_7' title='bbox 49 349 127 410; x_wconf 62' lang='lat' dir='ltr'>&#39;turn</span> <span class='ocrx_word' id='word_1_8' title='bbox 145 346 191 413; x_wconf 86' lang='lat' dir='ltr'>qui</span> <span class='ocrx_word' id='word_1_9' title='bbox 201 348 441 412; x_wconf 78' lang='lat' dir='ltr'>manumitterentur,</span> <span class='ocrx_word' id='word_1_10' title='bbox 459 346 525 399; x_wconf 89' lang='lat' dir='ltr'>tulit.</span> <span class='ocrx_word' id='word_1_11' title='bbox 560 348 650 411; x_wconf 81' lang='lat' dir='ltr'>Patser,</span> <span class='ocrx_word' id='word_1_12' title='bbox 667 346 763 415; x_wconf 75' lang='lat' dir='ltr'>quiaei</span> <span class='ocrx_word' id='word_1_13' title='bbox 778 349 814 399; x_wconf 85' lang='lat' dir='ltr'>le-</span> 
     </span>
     <span class='ocr_line' id='line_1_3' title="bbox 56 422 820 495; baseline 0.001 -19"><span class='ocrx_word' id='word_1_14' title='bbox 56 442 93 491; x_wconf 74' lang='lat' dir='ltr'>ge</span> <span class='ocrx_word' id='word_1_15' title='bbox 105 425 175 476; x_wconf 84' lang='lat' dir='ltr'>heud</span> <span class='ocrx_word' id='word_1_16' title='bbox 186 422 294 494; x_wconf 78' lang='lat' dir='ltr'>patruni</span> <span class='ocrx_word' id='word_1_17' title='bbox 310 427 416 492; x_wconf 73' lang='lat' dir='ltr'>vesligal</span> <span class='ocrx_word' id='word_1_18' title='bbox 432 428 504 495; x_wconf 86' lang='lat' dir='ltr'>inopi</span> <span class='ocrx_word' id='word_1_19' title='bbox 519 427 608 477; x_wconf 66' lang='lat' dir='ltr'>erario</span> <span class='ocrx_word' id='word_1_20' title='bbox 624 426 735 477; x_wconf 85' lang='lat' dir='ltr'>additum</span> <span class='ocrx_word' id='word_1_21' title='bbox 747 424 820 495; x_wconf 79' lang='lat' dir='ltr'>esset,</span> 
     </span>
     <span class='ocr_line' id='line_1_4' title="bbox 58 503 820 573; baseline 0.004 -19"><span class='ocrx_word' id='word_1_22' title='bbox 58 503 177 555; x_wconf 65' lang='lat' dir='ltr'>austures</span> <span class='ocrx_word' id='word_1_23' title='bbox 196 504 305 555; x_wconf 87' lang='lat' dir='ltr'>suerunt.</span> <span class='ocrx_word' id='word_1_24' title='bbox 341 509 460 555; x_wconf 84' lang='lat' dir='ltr'>Ceterum</span> <span class='ocrx_word' id='word_1_25' title='bbox 479 505 573 555; x_wconf 83' lang='lat' dir='ltr'>tribuni</span> <span class='ocrx_word' id='word_1_26' title='bbox 589 504 675 573; x_wconf 84' lang='lat' dir='ltr'>plebis,</span> <span class='ocrx_word' id='word_1_27' title='bbox 692 521 744 557; x_wconf 88' lang='lat' dir='ltr'>non</span> <span class='ocrx_word' id='word_1_28' title='bbox 764 516 820 563; x_wconf 78' lang='lat' dir='ltr'>tam,</span> 
     </span>
     <span class='ocr_line' id='line_1_5' title="bbox 59 579 817 651; baseline 0.009 -23"><span class='ocrx_word' id='word_1_29' title='bbox 59 579 129 646; x_wconf 78' lang='lat' dir='ltr'>lege,</span> <span class='ocrx_word' id='word_1_30' title='bbox 146 587 224 647; x_wconf 79' lang='lat' dir='ltr'>quarn</span> <span class='ocrx_word' id='word_1_31' title='bbox 241 583 367 649; x_wconf 85' lang='lat' dir='ltr'>exemplo,</span> <span class='ocrx_word' id='word_1_32' title='bbox 384 584 458 646; x_wconf 86' lang='lat' dir='ltr'>moti,</span> <span class='ocrx_word' id='word_1_33' title='bbox 473 597 508 633; x_wconf 89' lang='lat' dir='ltr'>ne.</span> <span class='ocrx_word' id='word_1_34' title='bbox 526 583 580 647; x_wconf 84' lang='lat' dir='ltr'>quie</span> <span class='ocrx_word' id='word_1_35' title='bbox 597 582 680 649; x_wconf 82' lang='lat' dir='ltr'>postea</span> <span class='ocrx_word' id='word_1_36' title='bbox 693 583 817 651; x_wconf 85' lang='lat' dir='ltr'>populum</span> 
     </span>
     <span class='ocr_line' id='line_1_6' title="bbox 60 653 846 729; baseline 0.004 -22"><span class='ocrx_word' id='word_1_37' title='bbox 60 658 205 724; x_wconf 85' lang='lat' dir='ltr'>sevocaret,</span> <span class='ocrx_word' id='word_1_38' title='bbox 221 653 302 729; x_wconf 81' lang='lat' dir='ltr'>capite</span> <span class='ocrx_word' id='word_1_39' title='bbox 319 660 462 711; x_wconf 83' lang='lat' dir='ltr'>sanxerunt.</span> <span class='ocrx_word' id='word_1_40' title='bbox 479 660 542 711; x_wconf 85' lang='lat' dir='ltr'>nihil</span> <span class='ocrx_word' id='word_1_41' title='bbox 554 660 619 709; x_wconf 90' lang='lat' dir='ltr'>enirn</span> <span class='ocrx_word' id='word_1_42' title='bbox 629 675 681 711; x_wconf 91' lang='lat' dir='ltr'>non</span> <span class='ocrx_word' id='word_1_43' title='bbox 696 676 740 727; x_wconf 90' lang='lat' dir='ltr'>per</span> <span class='ocrx_word' id='word_1_44' title='bbox 750 661 817 713; x_wconf 87' lang='lat' dir='ltr'>rnili-</span> <span class='ocrx_word' id='word_1_45' title='bbox 841 670 846 680; x_wconf 54' lang='lat'><em>*</em></span> 
     </span>
     <span class='ocr_line' id='line_1_7' title="bbox 61 736 820 805; baseline 0.003 -20"><span class='ocrx_word' id='word_1_46' title='bbox 61 748 110 801; x_wconf 86' lang='lat' dir='ltr'>tes,</span> <span class='ocrx_word' id='word_1_47' title='bbox 125 736 224 801; x_wconf 83' lang='lat' dir='ltr'>jurator</span> <span class='ocrx_word' id='word_1_48' title='bbox 243 740 269 789; x_wconf 89' lang='lat' dir='ltr'>in</span> <span class='ocrx_word' id='word_1_49' title='bbox 290 738 396 789; x_wconf 84' lang='lat' dir='ltr'>consulis</span> <span class='ocrx_word' id='word_1_50' title='bbox 417 738 503 802; x_wconf 82' lang='lat' dir='ltr'>verba,</span> <span class='ocrx_word' id='word_1_51' title='bbox 520 737 633 803; x_wconf 85' lang='lat' dir='ltr'>quamvis</span> <span class='ocrx_word' id='word_1_52' title='bbox 652 736 820 805; x_wconf 77' lang='lat' dir='ltr'>perniciosiun</span> 
     </span>
     <span class='ocr_line' id='line_1_8' title="bbox 61 809 817 883; baseline 0.001 -18"><span class='ocrx_word' id='word_1_53' title='bbox 61 817 241 883; x_wconf 81' lang='lat' dir='ltr'>populo,.fiid</span> <span class='ocrx_word' id='word_1_54' title='bbox 249 818 344 881; x_wconf 84' lang='lat' dir='ltr'>liceret,</span> <span class='ocrx_word' id='word_1_55' title='bbox 360 816 419 867; x_wconf 83' lang='lat' dir='ltr'>serti</span> <span class='ocrx_word' id='word_1_56' title='bbox 428 815 506 883; x_wconf 85' lang='lat' dir='ltr'>posse.</span> <span class='ocrx_word' id='word_1_57' title='bbox 542 814 636 865; x_wconf 88' lang='lat' dir='ltr'>Eodem</span> <span class='ocrx_word' id='word_1_58' title='bbox 648 809 714 867; x_wconf 69' lang='lat' dir='ltr'>inno</span> <span class='ocrx_word' id='word_1_59' title='bbox 730 809 759 867; x_wconf 86' lang='lat' dir='ltr'>C.</span> <span class='ocrx_word' id='word_1_60' title='bbox 772 813 817 867; x_wconf 77' lang='lat' dir='ltr'>Li-</span> 
     </span>
     <span class='ocr_line' id='line_1_9' title="bbox 62 885 818 963; baseline 0 -19"><span class='ocrx_word' id='word_1_61' title='bbox 62 895 147 945; x_wconf 84' lang='lat' dir='ltr'>cinius</span> <span class='ocrx_word' id='word_1_62' title='bbox 156 896 249 946; x_wconf 80' lang='lat' dir='ltr'>Stoloa</span> <span class='ocrx_word' id='word_1_63' title='bbox 259 899 298 945; x_wconf 88' lang='lat' dir='ltr'>M.</span> <span class='ocrx_word' id='word_1_64' title='bbox 308 885 415 963; x_wconf 83' lang='lat' dir='ltr'>Popillio</span> <span class='ocrx_word' id='word_1_65' title='bbox 424 898 529 956; x_wconf 25' lang='lat' dir='ltr'>Laenate·</span> <span class='ocrx_word' id='word_1_66' title='bbox 536 892 579 943; x_wconf 71' lang='lat' dir='ltr'>sui</span> <span class='ocrx_word' id='word_1_67' title='bbox 587 893 640 957; x_wconf 85' lang='lat' dir='ltr'>lege</span> <span class='ocrx_word' id='word_1_68' title='bbox 649 893 734 944; x_wconf 85' lang='lat' dir='ltr'>decern</span> <span class='ocrx_word' id='word_1_69' title='bbox 743 894 818 959; x_wconf 89' lang='lat' dir='ltr'>milli-</span> 
     </span>
     <span class='ocr_line' id='line_1_10' title="bbox 62 970 819 1039; baseline 0.003 -16"><span class='ocrx_word' id='word_1_70' title='bbox 62 973 114 1023; x_wconf 79' lang='lat' dir='ltr'>bus</span> <span class='ocrx_word' id='word_1_71' title='bbox 123 974 179 1024; x_wconf 71' lang='lat' dir='ltr'>zris</span> <span class='ocrx_word' id='word_1_72' title='bbox 195 975 230 1023; x_wconf 85' lang='lat' dir='ltr'>est</span> <span class='ocrx_word' id='word_1_73' title='bbox 246 973 383 1038; x_wconf 82' lang='lat' dir='ltr'>damnatus,</span> <span class='ocrx_word' id='word_1_74' title='bbox 399 972 465 1039; x_wconf 79' lang='lat' dir='ltr'>qubd</span> <span class='ocrx_word' id='word_1_75' title='bbox 475 972 543 1023; x_wconf 89' lang='lat' dir='ltr'>mille</span> <span class='ocrx_word' id='word_1_76' title='bbox 558 970 673 1037; x_wconf 81' lang='lat' dir='ltr'>jugerum</span> <span class='ocrx_word' id='word_1_77' title='bbox 690 972 743 1037; x_wconf 79' lang='lat' dir='ltr'>agri</span> <span class='ocrx_word' id='word_1_78' title='bbox 760 988 819 1025; x_wconf 80' lang='lat' dir='ltr'>cunr</span> 
     </span>
     <span class='ocr_line' id='line_1_11' title="bbox 43 1039 819 1121; baseline 0 -20"><span class='ocrx_word' id='word_1_79' title='bbox 43 1050 120 1101; x_wconf 70' lang='lat' dir='ltr'>,nno</span> <span class='ocrx_word' id='word_1_80' title='bbox 138 1051 280 1118; x_wconf 85' lang='lat' dir='ltr'>poffideret,</span> <span class='ocrx_word' id='word_1_81' title='bbox 296 1039 525 1121; x_wconf 79' lang='lat' dir='ltr'><strong>emancipandoque</strong></span> <span class='ocrx_word' id='word_1_82' title='bbox 542 1048 622 1107; x_wconf 86' lang='lat' dir='ltr'>filium</span> <span class='ocrx_word' id='word_1_83' title='bbox 639 1048 751 1101; x_wconf 80' lang='lat' dir='ltr'>fraudem</span> <span class='ocrx_word' id='word_1_84' title='bbox 768 1051 819 1117; x_wconf 75' lang='lat' dir='ltr'>legi</span> 
     </span>
     <span class='ocr_line' id='line_1_12' title="bbox 65 1126 175 1182; baseline -0.02 -4"><span class='ocrx_word' id='word_1_85' title='bbox 65 1126 175 1182; x_wconf 73' lang='lat' dir='ltr'>fecisset.</span> 
     </span>
    </p>

    <p class='ocr_par' dir='ltr' id='par_1_2' title="bbox 60 1204 897 3071">
     <span class='ocr_line' id='line_1_13' title="bbox 100 1204 820 1272; baseline -0.001 -14"><span class='ocrx_word' id='word_1_86' title='bbox 100 1209 193 1259; x_wconf 87' lang='lat' dir='ltr'>XVII</span> <span class='ocrx_word' id='word_1_87' title='bbox 211 1208 289 1259; x_wconf 85' lang='lat' dir='ltr'>Novi</span> <span class='ocrx_word' id='word_1_88' title='bbox 300 1205 413 1259; x_wconf 83' lang='lat' dir='ltr'>consuler</span> <span class='ocrx_word' id='word_1_89' title='bbox 431 1204 667 1272; x_wconf 64' lang='lat' dir='ltr'>ledemallus</span> <span class='ocrx_word' id='word_1_90' title='bbox 686 1206 820 1259; x_wconf 77' lang='lat' dir='ltr'>Ambustus</span> 
     </span>
     <span class='ocr_line' id='line_1_14' title="bbox 66 1280 820 1354; baseline 0.003 -18"><span class='ocrx_word' id='word_1_91' title='bbox 66 1284 206 1336; x_wconf 83' lang='lat' dir='ltr'>seeundum</span> <span class='ocrx_word' id='word_1_92' title='bbox 217 1286 242 1337; x_wconf 71' lang='grc' dir='ltr'><strong>ἃ</strong></span> <span class='ocrx_word' id='word_1_93' title='bbox 254 1288 293 1336; x_wconf 86' lang='lat' dir='ltr'>M.</span> <span class='ocrx_word' id='word_1_94' title='bbox 306 1286 424 1354; x_wconf 81' lang='lat' dir='ltr'><strong>Popillius</strong></span> <span class='ocrx_word' id='word_1_95' title='bbox 435 1288 522 1338; x_wconf 76' lang='lat' dir='ltr'>Laenas</span> <span class='ocrx_word' id='word_1_96' title='bbox 530 1283 675 1353; x_wconf 83' lang='lat' dir='ltr'>seeundum,</span> <span class='ocrx_word' id='word_1_97' title='bbox 693 1286 743 1337; x_wconf 90' lang='lat' dir='ltr'>duo</span> <span class='ocrx_word' id='word_1_98' title='bbox 755 1280 820 1339; x_wconf 87' lang='lat' dir='ltr'>bella</span> 
     </span>
     <span class='ocr_line' id='line_1_15' title="bbox 66 1352 820 1432; baseline 0.005 -17"><span class='ocrx_word' id='word_1_99' title='bbox 66 1364 189 1415; x_wconf 75' lang='lat' dir='ltr'>habuere.</span> <span class='ocrx_word' id='word_1_100' title='bbox 202 1365 284 1415; x_wconf 86' lang='lat' dir='ltr'>Facile</span> <span class='ocrx_word' id='word_1_101' title='bbox 294 1366 399 1415; x_wconf 85' lang='lat' dir='ltr'>altennn</span> <span class='ocrx_word' id='word_1_102' title='bbox 409 1380 468 1414; x_wconf 87' lang='lat' dir='ltr'>cnm</span> <span class='ocrx_word' id='word_1_103' title='bbox 480 1352 638 1429; x_wconf 80' lang='lat' dir='ltr'>Tiburtibus,</span> <span class='ocrx_word' id='word_1_104' title='bbox 655 1366 721 1432; x_wconf 88' lang='lat' dir='ltr'>quod</span> <span class='ocrx_word' id='word_1_105' title='bbox 733 1368 820 1419; x_wconf 72' lang='lat' dir='ltr'>uenae</span> 
     </span>
     <span class='ocr_line' id='line_1_16' title="bbox 65 1442 820 1510; baseline 0.003 -17"><span class='ocrx_word' id='word_1_106' title='bbox 65 1443 157 1508; x_wconf 79' lang='lat' dir='ltr'>geffit.</span> <span class='ocrx_word' id='word_1_107' title='bbox 175 1444 228 1510; x_wconf 91' lang='lat' dir='ltr'>qui,</span> <span class='ocrx_word' id='word_1_108' title='bbox 244 1444 350 1494; x_wconf 82' lang='lat' dir='ltr'>bollein</span> <span class='ocrx_word' id='word_1_109' title='bbox 360 1444 449 1494; x_wconf 85' lang='lat' dir='ltr'>urbem</span> <span class='ocrx_word' id='word_1_110' title='bbox 461 1442 598 1509; x_wconf 89' lang='lat' dir='ltr'>compulso,</span> <span class='ocrx_word' id='word_1_111' title='bbox 616 1458 688 1508; x_wconf 83' lang='lat' dir='ltr'>agros</span> <span class='ocrx_word' id='word_1_112' title='bbox 702 1444 820 1496; x_wconf 82' lang='lat' dir='ltr'>vastavit.</span> 
     </span>
     <span class='ocr_line' id='line_1_17' title="bbox 66 1520 821 1592; baseline 0.004 -20"><span class='ocrx_word' id='word_1_113' title='bbox 66 1521 159 1573; x_wconf 83' lang='lat' dir='ltr'>Falisci</span> <span class='ocrx_word' id='word_1_114' title='bbox 172 1521 410 1589; x_wconf 86' lang='lat' dir='ltr'>Tarquiniensesque</span> <span class='ocrx_word' id='word_1_115' title='bbox 425 1522 531 1571; x_wconf 86' lang='lat' dir='ltr'>alterum</span> <span class='ocrx_word' id='word_1_116' title='bbox 543 1520 667 1573; x_wconf 88' lang='lat' dir='ltr'>consulem</span> <span class='ocrx_word' id='word_1_117' title='bbox 682 1524 761 1591; x_wconf 70' lang='lat' dir='ltr'>primi</span> <span class='ocrx_word' id='word_1_118' title='bbox 773 1540 821 1592; x_wconf 89' lang='lat' dir='ltr'>pu·</span> 
     </span>
     <span class='ocr_line' id='line_1_18' title="bbox 64 1597 821 1665; baseline 0 -16"><span class='ocrx_word' id='word_1_119' title='bbox 64 1598 119 1663; x_wconf 73' lang='lat' dir='ltr'>gni</span> <span class='ocrx_word' id='word_1_120' title='bbox 135 1597 264 1649; x_wconf 87' lang='lat' dir='ltr'>fuderunt.</span> <span class='ocrx_word' id='word_1_121' title='bbox 279 1599 339 1649; x_wconf 85' lang='lat' dir='ltr'>inde</span> <span class='ocrx_word' id='word_1_122' title='bbox 356 1608 436 1649; x_wconf 84' lang='lat' dir='ltr'>terror</span> <span class='ocrx_word' id='word_1_123' title='bbox 450 1600 576 1648; x_wconf 77' lang='lat' dir='ltr'>maximus</span> <span class='ocrx_word' id='word_1_124' title='bbox 591 1597 647 1661; x_wconf 83' lang='lat' dir='ltr'>suit,</span> <span class='ocrx_word' id='word_1_125' title='bbox 663 1598 729 1665; x_wconf 82' lang='lat' dir='ltr'>qubd</span> <span class='ocrx_word' id='word_1_126' title='bbox 741 1599 821 1649; x_wconf 86' lang='lat' dir='ltr'>sacer·</span> 
     </span>
     <span class='ocr_line' id='line_1_19' title="bbox 66 1676 821 1744; baseline 0.001 -17"><span class='ocrx_word' id='word_1_127' title='bbox 66 1677 142 1728; x_wconf 79' lang='lat' dir='ltr'>dotes</span> <span class='ocrx_word' id='word_1_128' title='bbox 153 1691 248 1741; x_wconf 76' lang='lat' dir='ltr'>eurum,</span> <span class='ocrx_word' id='word_1_129' title='bbox 265 1677 360 1727; x_wconf 78' lang='lat' dir='ltr'>facibus</span> <span class='ocrx_word' id='word_1_130' title='bbox 371 1676 514 1727; x_wconf 78' lang='lat' dir='ltr'>ardentibus</span> <span class='ocrx_word' id='word_1_131' title='bbox 526 1676 695 1743; x_wconf 78' lang='lat' dir='ltr'>anguibusque</span> <span class='ocrx_word' id='word_1_132' title='bbox 707 1678 821 1744; x_wconf 83' lang='lat' dir='ltr'>praelatis,</span> 
     </span>
     <span class='ocr_line' id='line_1_20' title="bbox 68 1752 822 1805; baseline 0.001 -1"><span class='ocrx_word' id='word_1_133' title='bbox 68 1752 162 1804; x_wconf 84' lang='lat' dir='ltr'>incessu</span> <span class='ocrx_word' id='word_1_134' title='bbox 177 1753 264 1803; x_wconf 88' lang='lat' dir='ltr'>suriali</span> <span class='ocrx_word' id='word_1_135' title='bbox 274 1753 379 1805; x_wconf 85' lang='lat' dir='ltr'>militem</span> <span class='ocrx_word' id='word_1_136' title='bbox 390 1754 532 1804; x_wconf 85' lang='lat' dir='ltr'>Rbmanum</span> <span class='ocrx_word' id='word_1_137' title='bbox 549 1754 643 1805; x_wconf 78' lang='lat' dir='ltr'>insueti</span> <span class='ocrx_word' id='word_1_138' title='bbox 656 1753 822 1805; x_wconf 85' lang='lat' dir='ltr'>turbaverunt</span> 
     </span>
     <span class='ocr_line' id='line_1_21' title="bbox 68 1824 821 1900; baseline -0.001 -18"><span class='ocrx_word' id='word_1_139' title='bbox 68 1834 169 1900; x_wconf 86' lang='lat' dir='ltr'>specie:</span> <span class='ocrx_word' id='word_1_140' title='bbox 188 1832 213 1882; x_wconf 75' lang='grc' dir='ltr'><strong>ἃ</strong></span> <span class='ocrx_word' id='word_1_141' title='bbox 224 1843 283 1881; x_wconf 88' lang='lat' dir='ltr'>tunc</span> <span class='ocrx_word' id='word_1_142' title='bbox 294 1832 394 1898; x_wconf 86' lang='lat' dir='ltr'>quidem</span> <span class='ocrx_word' id='word_1_143' title='bbox 404 1832 474 1881; x_wconf 86' lang='lat' dir='ltr'>velut</span> <span class='ocrx_word' id='word_1_144' title='bbox 484 1824 608 1897; x_wconf 82' lang='lat' dir='ltr'>lymphati</span> <span class='ocrx_word' id='word_1_145' title='bbox 620 1826 753 1891; x_wconf 82' lang='lat' dir='ltr'>&amp;attoniti</span> <span class='ocrx_word' id='word_1_146' title='bbox 764 1846 821 1881; x_wconf 86' lang='lat' dir='ltr'>rnu-</span> 
     </span>
     <span class='ocr_line' id='line_1_22' title="bbox 68 1903 821 1977; baseline -0.005 -14"><span class='ocrx_word' id='word_1_147' title='bbox 68 1911 189 1963; x_wconf 84' lang='lat' dir='ltr'>nimentis</span> <span class='ocrx_word' id='word_1_148' title='bbox 200 1908 247 1959; x_wconf 89' lang='lat' dir='ltr'>suis</span> <span class='ocrx_word' id='word_1_149' title='bbox 263 1910 360 1977; x_wconf 90' lang='lat' dir='ltr'>trepido</span> <span class='ocrx_word' id='word_1_150' title='bbox 377 1911 477 1973; x_wconf 83' lang='lat' dir='ltr'>agmine</span> <span class='ocrx_word' id='word_1_151' title='bbox 489 1908 645 1968; x_wconf 85' lang='lat' dir='ltr'>inciderunt;</span> <span class='ocrx_word' id='word_1_152' title='bbox 663 1903 759 1974; x_wconf 83' lang='lat' dir='ltr'>deinde,</span> <span class='ocrx_word' id='word_1_153' title='bbox 776 1903 821 1959; x_wconf 87' lang='lat' dir='ltr'>ubi</span> 
     </span>
     <span class='ocr_line' id='line_1_23' title="bbox 68 1980 821 2055; baseline -0.004 -14"><span class='ocrx_word' id='word_1_154' title='bbox 68 1988 157 2055; x_wconf 65' lang='lat' dir='ltr'>consu</span> <span class='ocrx_word' id='word_1_155' title='bbox 174 1989 299 2055; x_wconf 80' lang='lat' dir='ltr'>legatique</span> <span class='ocrx_word' id='word_1_156' title='bbox 317 2006 347 2039; x_wconf 88' lang='lat' dir='ltr'>ae</span> <span class='ocrx_word' id='word_1_157' title='bbox 364 1982 458 2038; x_wconf 87' lang='lat' dir='ltr'>tribuni</span> <span class='ocrx_word' id='word_1_158' title='bbox 476 1994 611 2055; x_wconf 79' lang='lat' dir='ltr'>puerorum</span> <span class='ocrx_word' id='word_1_159' title='bbox 628 1980 821 2040; x_wconf 67' lang='lat' dir='ltr'>ritavanaml-</span> 
     </span>
     <span class='ocr_line' id='line_1_24' title="bbox 69 2066 821 2134; baseline -0.001 -16"><span class='ocrx_word' id='word_1_160' title='bbox 69 2068 156 2118; x_wconf 77' lang='lat' dir='ltr'>nacula</span> <span class='ocrx_word' id='word_1_161' title='bbox 167 2078 284 2134; x_wconf 80' lang='lat' dir='ltr'>paventer</span> <span class='ocrx_word' id='word_1_162' title='bbox 297 2068 431 2117; x_wconf 75' lang='lat' dir='ltr'>irridebant</span> <span class='ocrx_word' id='word_1_163' title='bbox 448 2066 662 2133; x_wconf 82' lang='lat' dir='ltr'>increpabantque,</span> <span class='ocrx_word' id='word_1_164' title='bbox 679 2066 757 2116; x_wconf 82' lang='lat' dir='ltr'>vertit</span> <span class='ocrx_word' id='word_1_165' title='bbox 767 2068 821 2123; x_wconf 65' lang='lat' dir='ltr'>ani,-</span> 
     </span>
     <span class='ocr_line' id='line_1_25' title="bbox 68 2140 823 2211; baseline -0.004 -14"><span class='ocrx_word' id='word_1_166' title='bbox 68 2159 126 2197; x_wconf 85' lang='lat' dir='ltr'>mos</span> <span class='ocrx_word' id='word_1_167' title='bbox 135 2148 234 2211; x_wconf 80' lang='lat' dir='ltr'>repente</span> <span class='ocrx_word' id='word_1_168' title='bbox 245 2143 326 2211; x_wconf 83' lang='lat' dir='ltr'>pudor</span> <span class='ocrx_word' id='word_1_169' title='bbox 334 2162 342 2205; x_wconf 70' lang='grc' dir='ltr'>ς</span> <span class='ocrx_word' id='word_1_170' title='bbox 359 2145 419 2194; x_wconf 81' lang='lat' dir='ltr'>&amp;in</span> <span class='ocrx_word' id='word_1_171' title='bbox 431 2140 530 2211; x_wconf 86' lang='lat' dir='ltr'>eaipsa,</span> <span class='ocrx_word' id='word_1_172' title='bbox 547 2158 600 2208; x_wconf 79' lang='lat' dir='ltr'>quae</span> <span class='ocrx_word' id='word_1_173' title='bbox 612 2141 734 2208; x_wconf 81' lang='lat' dir='ltr'>fugerant,</span> <span class='ocrx_word' id='word_1_174' title='bbox 751 2143 823 2195; x_wconf 82' lang='lat' dir='ltr'>velu&#39;t</span> 
     </span>
     <span class='ocr_line' id='line_1_26' title="bbox 70 2220 821 2294; baseline -0.003 -19"><span class='ocrx_word' id='word_1_175' title='bbox 70 2223 253 2275; x_wconf 78' lang='lat' dir='ltr'>caeciruebaut.</span> <span class='ocrx_word' id='word_1_176' title='bbox 288 2220 400 2273; x_wconf 86' lang='lat' dir='ltr'>Discuffo</span> <span class='ocrx_word' id='word_1_177' title='bbox 409 2223 493 2287; x_wconf 90' lang='lat' dir='ltr'>itaque</span> <span class='ocrx_word' id='word_1_178' title='bbox 502 2234 569 2283; x_wconf 71' lang='lat' dir='ltr'>rano</span> <span class='ocrx_word' id='word_1_179' title='bbox 578 2231 696 2287; x_wconf 87' lang='lat' dir='ltr'>apparatu</span> <span class='ocrx_word' id='word_1_180' title='bbox 705 2220 821 2294; x_wconf 79' lang='lat' dir='ltr'>hostium,</span> 
     </span>
     <span class='ocr_line' id='line_1_27' title="bbox 60 2296 822 2369; baseline 0.004 -19"><span class='ocrx_word' id='word_1_181' title='bbox 60 2315 152 2368; x_wconf 46' lang='lat' dir='ltr'>‘quum</span> <span class='ocrx_word' id='word_1_182' title='bbox 162 2300 189 2349; x_wconf 89' lang='lat' dir='ltr'>in</span> <span class='ocrx_word' id='word_1_183' title='bbox 197 2298 380 2366; x_wconf 18' lang='lat' dir='ltr'>ipsosfarmatns</span> <span class='ocrx_word' id='word_1_184' title='bbox 391 2298 415 2348; x_wconf 92' lang='lat' dir='ltr'>se</span> <span class='ocrx_word' id='word_1_185' title='bbox 426 2296 569 2369; x_wconf 79' lang='lat' dir='ltr'>intulissent,</span> <span class='ocrx_word' id='word_1_186' title='bbox 589 2309 732 2350; x_wconf 83' lang='lat' dir='ltr'>averterunt</span> <span class='ocrx_word' id='word_1_187' title='bbox 741 2312 822 2353; x_wconf 83' lang='lat' dir='ltr'>totam</span> 
     </span>
     <span class='ocr_line' id='line_1_28' title="bbox 66 2370 822 2447; baseline 0.004 -21"><span class='ocrx_word' id='word_1_188' title='bbox 66 2381 168 2447; x_wconf 74' lang='lat' dir='ltr'>aciem:</span> <span class='ocrx_word' id='word_1_189' title='bbox 188 2370 318 2442; x_wconf 75' lang='lat' dir='ltr'>calicisque</span> <span class='ocrx_word' id='word_1_190' title='bbox 333 2378 410 2429; x_wconf 84' lang='lat' dir='ltr'>etiam</span> <span class='ocrx_word' id='word_1_191' title='bbox 426 2392 456 2427; x_wconf 89' lang='lat' dir='ltr'>eo</span> <span class='ocrx_word' id='word_1_192' title='bbox 468 2376 509 2427; x_wconf 88' lang='lat' dir='ltr'>die</span> <span class='ocrx_word' id='word_1_193' title='bbox 528 2376 611 2443; x_wconf 87' lang='lat' dir='ltr'>potiti,</span> <span class='ocrx_word' id='word_1_194' title='bbox 629 2377 709 2443; x_wconf 73' lang='lat' dir='ltr'>praedi</span> <span class='ocrx_word' id='word_1_195' title='bbox 726 2378 822 2444; x_wconf 81' lang='lat' dir='ltr'>ingenti</span> 
     </span>
     <span class='ocr_line' id='line_1_29' title="bbox 67 2450 887 2525; baseline 0.002 -22"><span class='ocrx_word' id='word_1_196' title='bbox 67 2457 152 2525; x_wconf 72' lang='lat' dir='ltr'>parti,</span> <span class='ocrx_word' id='word_1_197' title='bbox 169 2454 276 2507; x_wconf 74' lang='lat' dir='ltr'>vrslorer</span> <span class='ocrx_word' id='word_1_198' title='bbox 283 2464 447 2518; x_wconf 83' lang='lat' dir='ltr'>reverterunt,</span> <span class='ocrx_word' id='word_1_199' title='bbox 463 2452 628 2503; x_wconf 86' lang='lat' dir='ltr'>militaribus&#39;</span> <span class='ocrx_word' id='word_1_200' title='bbox 618 2454 683 2517; x_wconf 70' lang='lat' dir='ltr'>jocis</span> <span class='ocrx_word' id='word_1_201' title='bbox 693 2470 771 2523; x_wconf 89' lang='lat' dir='ltr'>quum</span> <span class='ocrx_word' id='word_1_202' title='bbox 780 2472 823 2525; x_wconf 81' lang='lat' dir='ltr'>ap·</span> <span class='ocrx_word' id='word_1_203' title='bbox 880 2450 887 2461; x_wconf 84' lang='lat'>&#39;</span> 
     </span>
     <span class='ocr_line' id='line_1_30' title="bbox 68 2523 822 2603; baseline -0.005 -17"><span class='ocrx_word' id='word_1_204' title='bbox 68 2544 188 2603; x_wconf 79' lang='lat' dir='ltr'>paratum</span> <span class='ocrx_word' id='word_1_205' title='bbox 209 2532 323 2597; x_wconf 82' lang='lat' dir='ltr'>hostium,</span> <span class='ocrx_word' id='word_1_206' title='bbox 346 2543 404 2584; x_wconf 84' lang='lat' dir='ltr'>tum</span> <span class='ocrx_word' id='word_1_207' title='bbox 426 2523 496 2583; x_wconf 89' lang='lat' dir='ltr'>suum</span> <span class='ocrx_word' id='word_1_208' title='bbox 515 2532 668 2599; x_wconf 86' lang='lat' dir='ltr'>increpantes</span> <span class='ocrx_word' id='word_1_209' title='bbox 690 2547 822 2599; x_wconf 85' lang='lat' dir='ltr'>pavorem.</span> 
     </span>
     <span class='ocr_line' id='line_1_31' title="bbox 68 2603 821 2675; baseline -0.003 -12"><span class='ocrx_word' id='word_1_210' title='bbox 68 2614 222 2665; x_wconf 74' lang='lat' dir='ltr'>concitatur</span> <span class='ocrx_word' id='word_1_211' title='bbox 235 2610 322 2661; x_wconf 59' lang='lat' dir='ltr'>dende</span> <span class='ocrx_word' id='word_1_212' title='bbox 342 2626 417 2663; x_wconf 85' lang='lat' dir='ltr'>omne</span> <span class='ocrx_word' id='word_1_213' title='bbox 436 2626 528 2661; x_wconf 89' lang='lat' dir='ltr'>nomen</span> <span class='ocrx_word' id='word_1_214' title='bbox 547 2603 685 2675; x_wconf 79' lang='lat' dir='ltr'>Etruscum,</span> <span class='ocrx_word' id='word_1_215' title='bbox 703 2608 736 2675; x_wconf 70' lang='lat' dir='ltr'>n,</span> <span class='ocrx_word' id='word_1_216' title='bbox 755 2610 821 2661; x_wconf 85' lang='lat' dir='ltr'>Tar·</span> 
     </span>
     <span class='ocr_line' id='line_1_32' title="bbox 62 2678 823 2757; baseline 0 -17"><span class='ocrx_word' id='word_1_217' title='bbox 62 2687 239 2757; x_wconf 78' lang='lat' dir='ltr'>quiniensrbus</span> <span class='ocrx_word' id='word_1_218' title='bbox 256 2686 403 2753; x_wconf 87' lang='lat' dir='ltr'>Faliscisque</span> <span class='ocrx_word' id='word_1_219' title='bbox 421 2678 532 2750; x_wconf 80' lang='lat' dir='ltr'>ducibus,</span> <span class='ocrx_word' id='word_1_220' title='bbox 550 2685 580 2736; x_wconf 85' lang='lat' dir='ltr'>ad</span> <span class='ocrx_word' id='word_1_221' title='bbox 598 2686 689 2737; x_wconf 81' lang='lat' dir='ltr'>Salinas</span> <span class='ocrx_word' id='word_1_222' title='bbox 706 2685 823 2755; x_wconf 87' lang='lat' dir='ltr'>perveni·</span> 
     </span>
     <span class='ocr_line' id='line_1_33' title="bbox 71 2762 824 2829; baseline 0 -10"><span class='ocrx_word' id='word_1_223' title='bbox 71 2780 128 2819; x_wconf 89' lang='lat' dir='ltr'>unt.</span> <span class='ocrx_word' id='word_1_224' title='bbox 163 2766 288 2820; x_wconf 76' lang='lat' dir='ltr'>Adversus</span> <span class='ocrx_word' id='word_1_225' title='bbox 299 2782 356 2817; x_wconf 89' lang='lat' dir='ltr'>eum</span> <span class='ocrx_word' id='word_1_226' title='bbox 368 2766 486 2817; x_wconf 71' lang='lat' dir='ltr'>terrerem</span> <span class='ocrx_word' id='word_1_227' title='bbox 496 2766 521 2817; x_wconf 90' lang='lat' dir='ltr'>di</span> <span class='ocrx_word' id='word_1_228' title='bbox 523 2766 600 2817; x_wconf 73' lang='lat' dir='ltr'>ilator</span> <span class='ocrx_word' id='word_1_229' title='bbox 612 2762 641 2816; x_wconf 87' lang='lat' dir='ltr'>C.</span> <span class='ocrx_word' id='word_1_230' title='bbox 654 2765 764 2819; x_wconf 78' lang='lat' dir='ltr'>Marcius</span> <span class='ocrx_word' id='word_1_231' title='bbox 773 2772 824 2829; x_wconf 84' lang='lat' dir='ltr'>Ru·</span> 
     </span>
     <span class='ocr_line' id='line_1_34' title="bbox 71 2836 897 2913; baseline 0.004 -17"><span class='ocrx_word' id='word_1_232' title='bbox 71 2847 130 2896; x_wconf 78' lang='lat' dir='ltr'>tilur</span> <span class='ocrx_word' id='word_1_233' title='bbox 142 2846 235 2913; x_wconf 84' lang='lat' dir='ltr'>primus</span> <span class='ocrx_word' id='word_1_234' title='bbox 252 2843 282 2895; x_wconf 86' lang='lat' dir='ltr'>de</span> <span class='ocrx_word' id='word_1_235' title='bbox 293 2844 365 2913; x_wconf 84' lang='lat' dir='ltr'>plebe</span> <span class='ocrx_word' id='word_1_236' title='bbox 377 2844 462 2909; x_wconf 72' lang='lat' dir='ltr'>diilus,</span> <span class='ocrx_word' id='word_1_237' title='bbox 480 2836 622 2911; x_wconf 83' lang='lat' dir='ltr'>magistrum</span> <span class='ocrx_word' id='word_1_238' title='bbox 633 2842 745 2912; x_wconf 82' lang='lat' dir='ltr'>equitum</span> <span class='ocrx_word' id='word_1_239' title='bbox 761 2847 823 2900; x_wconf 85' lang='lat' dir='ltr'>item</span> <span class='ocrx_word' id='word_1_240' title='bbox 894 2892 897 2899; x_wconf 74' lang='grc'>,</span> 
     </span>
     <span class='ocr_line' id='line_1_35' title="bbox 72 2922 822 2993; baseline 0.004 -16"><span class='ocrx_word' id='word_1_241' title='bbox 72 2924 105 2978; x_wconf 85' lang='lat' dir='ltr'>de</span> <span class='ocrx_word' id='word_1_242' title='bbox 112 2924 188 2993; x_wconf 88' lang='lat' dir='ltr'>plebe</span> <span class='ocrx_word' id='word_1_243' title='bbox 207 2926 237 2975; x_wconf 84' lang='lat' dir='ltr'>C.</span> <span class='ocrx_word' id='word_1_244' title='bbox 255 2924 378 2975; x_wconf 85' lang='lat' dir='ltr'>Plautium</span> <span class='ocrx_word' id='word_1_245' title='bbox 395 2923 470 2975; x_wconf 78' lang='lat' dir='ltr'>dixit</span> <span class='ocrx_word' id='word_1_246' title='bbox 505 2922 534 2973; x_wconf 89' lang='lat' dir='ltr'>Id</span> <span class='ocrx_word' id='word_1_247' title='bbox 551 2928 612 2975; x_wconf 82' lang='lat' dir='ltr'>verb</span> <span class='ocrx_word' id='word_1_248' title='bbox 627 2924 739 2977; x_wconf 86' lang='lat' dir='ltr'>Patribus</span> <span class='ocrx_word' id='word_1_249' title='bbox 756 2926 822 2980; x_wconf 87' lang='lat' dir='ltr'>indi·</span> 
     </span>
     <span class='ocr_line' id='line_1_36' title="bbox 69 2996 824 3071; baseline -0.003 -17"><span class='ocrx_word' id='word_1_250' title='bbox 69 3016 152 3066; x_wconf 76' lang='lat' dir='ltr'>guum</span> <span class='ocrx_word' id='word_1_251' title='bbox 161 2996 251 3065; x_wconf 80' lang='lat' dir='ltr'>videri,</span> <span class='ocrx_word' id='word_1_252' title='bbox 263 3000 338 3050; x_wconf 85' lang='lat' dir='ltr'>etiam</span> <span class='ocrx_word' id='word_1_253' title='bbox 349 2998 514 3058; x_wconf 70' lang='lat' dir='ltr'>diiiaturam</span> <span class='ocrx_word' id='word_1_254' title='bbox 504 3018 556 3065; x_wconf 85' lang='lat' dir='ltr'>Jam</span> <span class='ocrx_word' id='word_1_255' title='bbox 567 3003 592 3053; x_wconf 89' lang='lat' dir='ltr'>in</span> <span class='ocrx_word' id='word_1_256' title='bbox 602 3002 742 3071; x_wconf 88' lang='lat' dir='ltr'>promiscuo</span> <span class='ocrx_word' id='word_1_257' title='bbox 757 3002 824 3053; x_wconf 81' lang='lat' dir='ltr'>effe:</span> 
     </span>
    </p>
   </div>
   <div class='ocr_carea' id='block_1_2' title="bbox 72 3066 829 3215">
    <p class='ocr_par' dir='ltr' id='par_1_3' title="bbox 72 3066 829 3215">
     <span class='ocr_line' id='line_1_37' title="bbox 72 3066 829 3215; baseline -0.021 -80"><span class='ocrx_word' id='word_1_258' title='bbox 72 3081 252 3151; x_wconf 78' lang='lat' dir='ltr'>omniqueope</span> <span class='ocrx_word' id='word_1_259' title='bbox 259 3066 438 3150; x_wconf 80' lang='lat' dir='ltr'>impediebant,</span> <span class='ocrx_word' id='word_1_260' title='bbox 430 3095 486 3211; x_wconf 62' lang='lat' dir='ltr'>,sne</span> <span class='ocrx_word' id='word_1_261' title='bbox 492 3080 718 3171; x_wconf 52' lang='lat' dir='ltr'>quiqdqqqtograd</span> <span class='ocrx_word' id='word_1_262' title='bbox 729 3079 754 3133; x_wconf 63' lang='lat' dir='ltr'>jd</span> <span class='ocrx_word' id='word_1_263' title='bbox 732 3078 829 3215; x_wconf 51' lang='lat' dir='ltr'>1³,ss</span> 
     </span>
    </p>
   </div>
   <div class='ocr_carea' id='block_1_3' title="bbox 0 0 1020 3692">
    <p class='ocr_par' dir='ltr' id='par_1_4' title="bbox 0 0 1020 3692">
     <span class='ocr_line' id='line_1_38' title="bbox 0 0 1020 3692; baseline 0 0"><span class='ocrx_word' id='word_1_264' title='bbox 0 0 1020 3692; x_wconf 95' lang='lat' dir='ltr'> </span> 
     </span>
    </p>
   </div>
  </div>
 </body>
</html>
