1992 3692
156 217 722 381 :ioeiffetpolleeqmiiijuierigpirpicmtl
730 309 913 380 endepergere

163 389 240 440 adse
258 388 404 454 gaudentes
415 387 487 453 vidit,
504 391 631 457 extemplo
649 389 773 440 advocato
792 390 912 452 concilio,

155 461 254 518 'scelera
263 467 289 517 in
301 465 325 515 se
334 463 422 530 fratris,
440 465 562 531 originem
571 477 698 533 nepotum,
709 475 738 514 ut
748 465 835 530 geniti,
845 474 874 514 ut
884 479 910 514 e·

162 541 255 606 ducati,
266 554 294 591 ut
302 543 395 605 cogniti
406 542 488 606 ellent,
500 543 590 593 caedem
597 542 710 608 deinceps
718 542 828 606 tyranni,
838 541 912 606 seque

163 619 217 683 ejus
227 618 352 669 austorem
365 617 477 668 ostendit.
511 622 627 684 Juvenec,
639 633 682 684 per
689 617 797 669 mediam
807 618 910 667 concio·

155 693 222 750 'nerii
232 700 329 765 agmine
339 697 441 764 ingressi,
451 713 529 766 quum
538 715 614 751 avum
625 713 708 762 regem
717 695 864 762 salutillent,
875 696 910 746 se·

162 789 222 830 cuta
233 795 266 831 ex
282 781 351 830 omni
367 779 524 830 multitudine
540 777 691 829 consentiens
701 790 756 826 vox
771 788 855 826 ratium
866 793 910 827 no-

163 870 222 908 men
238 857 417 924 imperiumque
435 857 486 919 regi
504 855 591 907 effecit.
625 857 664 905 Ita
675 853 802 902 Numitori
814 853 911 902 Albani

163 929 276 998 permilli
285 948 321 996 re,
339 933 472 981 Romulum
484 933 638 995 Remumque
650 927 740 996 cupido
751 929 826 995 cepit,
844 931 870 977 in
882 929 910 979 iit

163 1007 233 1071 locis,
244 1007 288 1057 ubi
297 1005 409 1074 expositi,
420 1007 513 1072 ubique
522 1005 619 1055 educati
630 1014 706 1067 erant,
722 1003 791 1052 urbis
801 1004 909 1054 conden-

162 1087 210 1135 dae.
228 1085 254 1136 ἃ
264 1086 387 1153 supererat
394 1081 528 1134 multitudo
539 1083 692 1132 Albanorum
702 1081 909 1145 Latinonrmque.

155 1163 197 1213 'ad
212 1161 238 1212 id
254 1163 359 1231 pastores
378 1177 477 1230 quoque
493 1159 655 1210 accesserant:
675 1158 718 1224 qui
735 1171 821 1206 omnes
838 1157 910 1208 facilc

156 1241 234 1308 'spem
245 1241 360 1304 lacerent,
369 1255 471 1308 parvam
482 1237 579 1302 Albnrn,
590 1249 696 1304 parvum
704 1234 848 1298 Lavinium,
861 1249 910 1303 prae

165 1333 196 1369 ea
208 1316 270 1368 urbe
283 1332 337 1383 quae
351 1313 504 1376 conderemr,
518 1311 582 1362 iore.
615 1310 752 1360 Intervenit
768 1309 857 1359 deinde
873 1312 911 1360 hie

164 1394 357 1459 cogitationibus
367 1391 463 1441 avitum
473 1388 648 1451 malum,regni
659 1386 758 1454 cupido,
766 1397 842 1453 atquc
853 1387 911 1436 inde

163 1471 389 1526 foedumcertamen
399 1463 661 1518 coortumdsatisiniti
670 1461 802 1528 principio.
838 1466 910 1526 Quo-

94 1589 99 1596 .
156 1551 234 1603 'niam
256 1547 347 1614 gemini
366 1545 448 1609 essent,
467 1559 512 1594 neo
528 1544 605 1592 atatis
618 1540 766 1590 veremmdio
779 1540 910 1594 discrimen

110 1691 117 1700 ι
164 1630 245 1682 iacere
257 1627 343 1696 pollet,
353 1635 381 1676 ut
393 1625 447 1688 Dii,
458 1637 565 1688 quorum
575 1620 656 1670 tutelae
667 1634 695 1668 ea
705 1618 760 1668 loca
770 1617 854 1684 essent,
865 1636 908 1672 au·

164 1707 242 1772 guilis
253 1706 370 1770 legerent,
381 1701 422 1770 qui
433 1715 524 1751 nomen
532 1713 605 1747 novae
613 1697 669 1746 urbi
680 1696 756 1759 daret,
768 1696 812 1761 qui
822 1698 908 1750 condi.

138 1845 142 1850 ¹
164 1795 218 1836 tam
232 1781 337 1850 imperio
352 1787 455 1844 tegeret.
490 1775 610 1826 Palatium
621 1773 749 1835 Romulus,
769 1775 862 1825 Rerum
873 1777 908 1826 Α.

165 1864 296 1916 ventinum
307 1859 338 1912 ad
346 1853 541 1923 inaugurandinn
551 1854 643 1921 templa
652 1852 760 1919 capiunt.

199 1945 261 1992 v11.
287 1938 366 1992 Priori
389 1939 469 1988 Remo
489 1933 620 1998 augurium
636 1926 727 1981 venisse
755 1927 841 1991 sertui,
867 1927 911 1980 sex

164 2017 297 2068 vultures:
318 2014 426 2076 jamque,
448 2009 566 2065 nunciato
585 2007 697 2071 augurio,
721 2019 799 2071 quum
816 2004 910 2073 duplex

164 2105 281 2144 numerus
296 2085 405 2140 Romulo
420 2083 444 2134 le
460 2082 604 2146 ostendilset,
620 2094 750 2146 utrumque
765 2094 850 2144 regem
867 2081 910 2132 sita
943 2127 945 2133 ,

154 2165 299 2219 'multitudo
315 2161 519 2214 consalutaverat.
552 2170 664 2225 tempore
681 2158 717 2207 illi
734 2167 868 2225 praecepto,
884 2171 909 2210 at

165 2249 193 2298 hi
204 2261 308 2296 numero
321 2244 417 2302 avium,
431 2253 536 2304 regnum
550 2237 686 2287 trahebant.
721 2235 789 2301 Inde,
806 2251 865 2288 cum
875 2239 909 2288 al·

164 2325 300 2375 tentatione
311 2319 436 2384 congressi,
454 2316 587 2367 certamine
600 2317 691 2367 irarum
706 2314 738 2364 ad
750 2314 841 2366 cedem
852 2331 909 2366 ver-

166 2410 260 2450 tuntur.
294 2397 330 2450 ibi
347 2396 373 2444 ln
389 2393 460 2442 turba
472 2391 533 2467 idiiu
544 2395 635 2442 Remus
646 2388 742 2440 cecidit.
777 2391 910 2455 vulgatior

164 2477 232 2530 lama
243 2476 284 2539 est,
291 2463 398 2526 ludibrio
408 2472 488 2522 fratris
499 2464 606 2521 Remum
613 2484 694 2520 novoe
703 2467 843 2519 trunfiluille
853 2483 909 2520 nru-

165 2569 225 2606 ros:
246 2551 301 2604 inde
315 2550 347 2600 ab
362 2551 426 2600 irato
440 2549 555 2598 Romulo
567 2549 654 2614 (quum
667 2546 750 2596 verbis
760 2561 860 2611 quoquc
870 2547 908 2596 in·

164 2630 287 2696 crepitans
298 2623 426 2690 adjecisset,
436 2625 473 2674 Sic
482 2625 562 2687 deinde,
571 2626 681 2690 quicunque
688 2623 741 2673 attus
748 2623 849 2688 tranfiliet
859 2639 911 2674 me·

164 2707 201 2756 nia
212 2710 267 2770 mea)
279 2701 439 2754 interfectum.
473 2705 513 2750 Ita
520 2701 584 2750 solus
595 2701 687 2767 potitus
698 2701 803 2768 imperio
812 2703 908 2751 Romu·

164 2785 216 2842 lus3
235 2781 334 2840 condita
344 2779 401 2842 urbc
412 2777 549 2843 conditoris¹
562 2778 663 2826 nomine
674 2776 803 2841 appellata.
839 2776 909 2826 Palt-

165 2860 229 2908 tium
243 2856 357 2923 prlmum,
374 2855 400 2903 in
411 2869 460 2919 quo
471 2853 522 2920 ipse
541 2847 593 2904 erat
609 2853 732 2917 educatus,
748 2852 853 2904 muniit:
872 2851 908 2904 sa·

164 2949 207 2990 cra
219 2933 271 2982 Diis
280 2933 331 2982 aliis
340 2931 436 2994 Albano
447 2931 496 2981 ritu
506 2934 619 2995 3Graeco,
628 2931 736 2993 Herculi,
744 2939 773 2980 ut
783 2931 814 2981 ab
823 2932 908 2980 Evan-

64 3031 66 3036 ’
164 3007 211 3062 dro
219 3009 326 3063 instituta
335 3017 411 3076 eram,
427 3005 496 3060 iacit.
529 3005 661 3066 Herculem
671 3006 698 3058 in
708 3021 738 3058 ea
747 3006 811 3077 loct,
824 3009 909 3072 Gery-

860 3095 911 3136 otto
