1992 3692
326 276 497 331 LIBER
531 276 607 329 vill.
787 280 838 338 1177

91 358 208 419 tonitium
217 367 310 422 belum
320 372 346 422 ἃ
354 372 460 422 deletiio
470 384 558 437 repens
568 372 736 431 Lucanorum,
753 366 839 417 anilo·

94 445 178 511 resque
187 446 330 510 ‹lesefflonir
342 441 474 500 Tarentini
485 448 603 498 sollicitos
615 446 733 496 haberent
747 446 839 509 Patres,

22 584 25 588 ἵ
93 523 239 585 interient
256 528 282 576 ἃ
299 527 412 577 Vestinus
429 526 536 593 populus
553 522 702 573 Samnitibus
717 520 766 570 sese
778 535 839 571 eon·

93 599 214 664 jungeret.
231 617 287 669 mire
297 620 335 653 rea
346 604 406 654 ficut
415 620 448 653 eo
456 618 523 653 anno
535 602 687 653 sermonibus
696 600 774 664 magia
785 598 840 667 pas·

91 674 137 727 sm
150 680 277 731 hominurn
291 682 390 745 jathir,
404 687 481 749 fluam
500 683 525 729 in
538 680 644 747 publico
664 679 715 727 ullo
733 676 841 727 concilio

91 756 141 816 efl;
158 758 193 806 ita
200 758 352 825 insequentia
362 760 421 810 anni
432 757 581 820 consulibus,
599 758 630 805 L.
646 756 722 805 Furio
735 755 841 805 Camillo

94 835 191 899 iterum,
208 839 285 901 Juoio
294 842 370 888 Bmto
381 843 478 899 scaevae,
495 836 562 885 nulla
571 835 640 901 prior
648 834 778 900 potiorque
787 832 842 883 visa

19 946 22 949 -
93 915 135 976 est,
152 915 183 963 de
193 930 242 980 qua
253 916 284 966 ad
300 916 411 966 senatum
422 915 551 965 reserroot.
566 914 603 976 ir,
621 926 761 978 quanquam
772 928 842 962 nova

91 1003 131 1040 xes
147 1005 209 1057 erar,
225 1006 307 1044 tameo
325 1006 393 1044 tanta
410 1008 468 1044 cura
485 996 567 1044 Patres
585 990 685 1054 intulit,
704 1000 732 1040 ut
749 992 842 1057 pariter
885 990 890 999 “

94 1084 148 1117 eam
160 1069 296 1138 susceptam
312 1071 497 1137 negletiamque
513 1072 642 1120 timerent:
660 1082 692 1117 ne
703 1078 747 1118 aut
755 1068 840 1135 imlru-

91 1148 157 1197 nitas
169 1165 255 1198 eorum
263 1150 367 1198 lascivia
378 1148 548 1216 superbilque,
566 1157 610 1195 aut
624 1146 690 1196 bello
707 1160 785 1213 poenae
796 1158 841 1195 ex·

93 1225 178 1292 petita
188 1237 257 1275 metu
277 1227 419 1293 propinquo
435 1237 511 1295 atque
530 1225 566 1274 ira
574 1224 703 1273 eoncirent
721 1222 842 1272 finitimos

92 1304 211 1370 populos.
246 1305 278 1352 Et
294 1314 433 1368 oatgmus
450 1316 525 1352 omne
536 1300 633 1351 abunde
644 1298 711 1350 bello
727 1298 842 1349 Samniti-

92 1380 140 1429 bus
151 1396 205 1449 par,
222 1380 297 1431 Marsi
313 1380 455 1447 Pelignique
467 1380 491 1430 ἃ
504 1380 657 1429 Marmcinrr
676 1394 746 1445 quos,
763 1378 843 1427 ere·

92 1456 168 1509 ilioua
179 1459 349 1523 attingeretur,
367 1472 452 1509 omnes
469 1457 595 1507 habendos
606 1456 693 1507 hostes.
728 1456 843 1506 vicitta·

92 1548 151 1584 men
161 1549 224 1602 pare,
242 1548 297 1600 quae
307 1536 333 1584 io
350 1534 477 1603 prasentia
491 1530 572 1582 videri
585 1534 668 1599 potuit
678 1532 779 1595 majoris
789 1532 842 1582 arri·

92 1613 138 1675 mi,
156 1616 231 1679 quim
248 1610 359 1662 consilii:
381 1612 423 1662 sed
440 1620 545 1661 eventus
555 1610 649 1673 timuit,
665 1609 743 1660 sortes
762 1609 843 1659 sortuss

94 1700 153 1735 nam
170 1687 269 1749 juvare.
305 1686 398 1735 Bellum
415 1700 447 1735 ex
464 1686 610 1734 artiorirate
626 1686 725 1733 Parrum
738 1685 845 1751 populare

94 1762 214 1813 adversus
225 1762 341 1813 Vestinos
350 1763 425 1828 jurfit.
460 1762 593 1813 Provincia
604 1773 633 1810 ea
646 1762 730 1824 Bruto,
748 1763 843 1826 Samnis

94 1854 138 1891 um
151 1840 259 1891 Camillo
270 1840 334 1891 sorte
345 1841 439 1889 evenit.
474 1840 606 1890 Exercitus
616 1840 721 1903 utroque
734 1835 807 1902 tuor,
814 1838 844 1891 ἃ

93 1918 154 1967 rura
165 1915 315 1966 tuendorum
328 1917 415 1965 finium
428 1914 507 1965 hostes
518 1914 637 1976 prohibiti
647 1913 796 1978 conjungere
804 1924 843 1966 at·
871 1928 875 1934 ·

93 2010 144 2044 ma.
182 1996 301 2041 Ceterum
311 1994 416 2043 alterum
427 1992 552 2042 consulem
565 1994 596 2040 L.
609 1992 719 2054 Furium,
737 1992 777 2041 eui
790 2007 843 2041 ma·

92 2071 135 2136 ior
144 2071 224 2121 moles
240 2084 322 2119 rerum
336 2070 450 2138 impolita
464 2080 526 2134 erat,
543 2068 632 2117 morbo
649 2068 721 2131 gravi
738 2069 844 2136 implici-

93 2158 148 2200 tum
159 2149 261 2199 fortuna
272 2148 339 2199 bello
352 2148 492 2201 subtraxit:
508 2146 632 2211 jussusque
648 2145 791 2196 diilatorem
805 2146 844 2199 di·

93 2243 151 2277 cere
162 2227 198 2276 rei
212 2226 322 2289 gerenda
332 2228 412 2290 causi,
419 2227 494 2289 longe
505 2224 659 2274 clarissimum
667 2223 733 2274 bello
744 2225 772 2275 el
781 2234 844 2275 tem·

94 2304 189 2371 pestate
196 2300 263 2351 dixit
273 2304 305 2350 L.
318 2302 444 2369 Papirium
456 2302 604 2360 Cruso'rem
621 2305 636 2349 a
647 2314 696 2365 quo
709 2305 742 2365 Q.
752 2300 844 2353 rabina

95 2380 227 2431 Maximus
243 2380 370 2429 ttulimus
384 2378 501 2442 magister
515 2378 626 2442 equiturn
642 2377 678 2425 eil
687 2376 780 2427 ditius:
799 2390 844 2445 par

93 2456 184 2507 nobile
195 2454 268 2505 rebus
284 2456 313 2505 io
323 2469 356 2505 eo
371 2453 515 2518 magistratu
527 2453 604 2517 gellis,
622 2451 742 2504 discordie
751 2452 844 2521 tamen,

96 2527 147 2600 qua
158 2537 237 2602 prope
247 2532 278 2583 ad
289 2532 404 2583 ultimum
415 2532 582 2582 dimicationis
596 2538 701 2579 ventum
712 2534 753 2596 eli,
769 2534 845 2584 nobi·

93 2611 152 2661 lior.
189 2610 230 2659 Ab
240 2609 320 2659 altero
333 2608 432 2660 consule
446 2610 473 2659 in
481 2607 586 2658 Vestinis
600 2606 733 2673 multiplex
744 2608 845 2675 bellum,

94 2702 144 2738 uec
154 2685 259 2752 usquam
270 2687 343 2738 vario
359 2698 461 2748 eventu,
477 2687 571 2750 gerum
579 2684 622 2733 esi.
644 2698 704 2733 oam
715 2684 742 2736 ἃ
755 2700 846 2753 perva-

96 2765 263 2829 stavitagroa,
280 2764 314 2829 ἃ,
332 2765 477 2833 populando
494 2762 677 2830 atqueurendo
697 2764 759 2814 tesia
770 2766 845 2817 hosii·

95 2856 143 2893 um
153 2841 262 2907 sataque,
276 2841 306 2893 ‘io'
323 2844 402 2892 aciem
418 2843 513 2891 invitos
529 2840 657 2891 extraxit:
674 2842 747 2893 &ita
758 2832 847 2911 parelio

97 2934 152 2969 uno
162 2919 252 2969 accidit
272 2918 430 2970 vestinorum
443 2934 489 2981 rer,
506 2918 696 2985 haudquaquam
714 2916 846 2972 tamenin·

98 3005 205 3045 cruento
215 2996 294 3045 milite
304 2996 358 3060 suo,
374 3006 404 3046 ut
413 2994 464 3046 noo
481 2997 508 3045 io
525 2992 600 3047 casira
613 2995 692 3048 solum
705 2997 847 3062 refrigerent

98 3069 190 3139 uolo,
204 3069 258 3139 sed,
271 3071 326 3138 iau
335 3086 368 3127 ae
379 3072 449 3128 vallo
466 3071 569 3141 queen
579 3088 609 3131 at
623 3072 767 3138 fourrer,
782 3072 846 3124 ‹tila-

730 3149 847 3207 beranua
