1992 3692
160 226 193 272 μ
419 213 646 263 mnrvrr

159 307 211 348 tem
222 296 251 347 el
262 297 361 362 regione
370 297 423 348 coeli
440 299 465 348 dr
476 297 528 360 ejus
536 300 583 347 Dei
592 300 707 349 nunciam
718 297 820 349 venisse:
843 304 909 353 cirea
971 311 979 317 ”

160 373 283 424 summum
302 376 398 438 culmen
414 377 522 426 hominis
545 375 681 444 auspicium
700 378 789 428 lecisse.
818 380 908 430 levisse

51 501 63 510 κ
159 451 269 501 humano
280 450 457 518 superpositum
469 454 544 520 capiti
555 452 635 516 decus,
655 466 683 503 ut
693 456 813 506 divinitus
828 457 908 506 eidem

157 525 279 576 redderet.
314 530 364 576 Has
373 526 426 594 spes
445 527 654 594 cogitationesque
671 528 752 578 secum
772 541 909 596 portantes,

160 603 245 652 urbem
259 604 354 667 ingresli
374 605 436 668 suot,
458 606 633 672 domicilioque
648 607 682 655 ibi
702 618 857 672 comparato,
876 611 908 658 L.

158 678 327 743 Tarquinium
343 681 452 740 Priscum
467 681 565 731 edidere
580 672 687 731 uomens
715 684 835 731 Romanis
848 698 910 732 con·

115 773 123 779 ·
160 752 271 819 spicuum
280 771 336 806 eum
348 758 446 808 novitas
457 758 599 824 divitiaeque
610 758 747 808 faciebant:
759 760 846 826 &ipse
856 760 911 809 sor·

160 839 246 878 tunam
258 830 365 896 benigno
381 833 500 898 alloquio,
516 835 633 882 comitate
648 833 781 895 invitandi,
792 833 911 883 benefici·

160 905 236 971 isque,
250 923 311 972 quot
322 910 479 976 potetat,s1bi
489 911 652 975 conciliando,
662 910 813 974 adjuvabat;
830 911 913 961 donee

160 982 187 1031 in
206 985 299 1048 regiam
310 1001 409 1051 quoque
421 986 450 1036 de
461 1003 491 1036 eo
504 986 570 1036 lama
578 987 670 1053 perlata
680 987 728 1036 esi:
745 988 913 1052 notitiamque

161 1072 215 1108 eam
227 1059 306 1123 brevi,
325 1061 391 1128 apud
402 1077 485 1127 regem
495 1063 628 1113 liberaliter
637 1063 772 1128 dextrique
790 1063 912 1114 obeundo

161 1135 250 1200 officia,
267 1139 293 1188 in
309 1137 435 1188 familiaris
451 1141 565 1190 amicitie
588 1137 725 1190 adduxerat
739 1141 802 1204 jura,
818 1151 848 1188 ut
863 1157 911 1207 pu-

159 1211 230 1263 blicis
240 1216 331 1282 pariter
341 1232 370 1267 ac
380 1217 484 1283 privatis
493 1217 597 1267 consiliis
604 1217 663 1267 belli
674 1217 792 1283 domique
808 1218 911 1267 interes-

158 1288 210 1340 set=
228 1293 262 1364 85,
276 1309 320 1360 per
336 1297 420 1346 omnia
437 1308 560 1362 expertus,
576 1296 699 1364 postremo
713 1303 782 1345 tutor
792 1296 869 1344 etiam
878 1296 911 1345 li·

158 1364 225 1424 beris
236 1371 299 1432 regis
311 1372 454 1422 testamento
465 1373 652 1424 instimeretui..

193 1446 305 1494 XXXV.
330 1449 454 1510 Regnavit
467 1452 550 1497 Ancus
560 1463 638 1497 annos
655 1454 760 1512 quatuor
772 1445 796 1494 dc
808 1445 912 1510 viginti,

159 1518 261 1570 cuilibet
271 1519 425 1588 superiorum
444 1540 532 1588 regum
542 1526 598 1574 belli
618 1523 732 1592 pacisque
742 1523 768 1572 dc
778 1523 872 1572 artibus
884 1523 913 1573 dt

158 1593 238 1656 glorio
249 1612 302 1663 par.
336 1602 393 1663 Jarn
403 1601 448 1650 filii
459 1617 538 1668 prope
548 1601 667 1668 puberem
677 1609 774 1649 atatem
782 1611 860 1648 erant.
879 1604 915 1673 eb

159 1673 240 1736 tnagis
253 1677 407 1740 Tarquinius
417 1679 513 1740 instare,
524 1687 553 1726 ut
563 1677 754 1744 quamprimum
762 1677 863 1726 comitia
871 1691 913 1726 re-

158 1748 187 1812 gi
198 1751 304 1802 creando
315 1752 411 1804 fierent.
446 1755 545 1820 Quibus
560 1753 665 1819 indiciis,
680 1753 727 1803 sub
741 1758 838 1819 tempus
847 1769 914 1820 pue·

158 1839 201 1876 tot
212 1839 329 1880 venatum
346 1830 480 1896 ablegavit.
513 1832 582 1898 isque
593 1831 687 1898 primur
696 1829 722 1880 dt
733 1828 816 1895 pctlll'e
829 1830 912 1881 ambi-

159 1901 223 1952 tiose
233 1918 345 1971 regnum,
366 1905 391 1956 dc
402 1909 541 1956 orationem
560 1906 651 1957 dicintr
665 1901 774 1954 habuisse
784 1905 816 1954 ad
826 1908 913 1957 conei-

159 1977 255 2031 liandor
272 1983 351 2047 plebia
369 1985 465 2036 animos
483 1984 660 2054 compostam:
676 1987 760 2051 Quaen,
771 1984 799 2048 se
812 1991 852 2032 eon
862 1997 915 2032 rm

158 2070 242 2112 nouam
254 2065 347 2120 petere:
363 2061 442 2125 quippe
457 2061 494 2126 qui
509 2077 550 2110 non
560 2060 654 2128 primas,
672 2060 727 2128 quud
735 2059 841 2124 qnisquam
851 2057 913 2106 tadi

156 2132 224 2198 gnari
232 2131 341 2182 mirarive
348 2133 421 2200 puffct,
428 2137 469 2202 sed
477 2138 554 2186 tertius
563 2138 635 2186 Κωηι
641 2136 767 2203 peregrinus
777 2148 866 2200 regnam
876 2134 916 2199 ιβ

155 2199 242 2266 sedet:
262 2206 290 2258 dv
301 2209 391 2258 Tatium
401 2224 442 2258 non
449 2226 475 2260 ex
482 2211 680 2278 peregtiuosolim,
686 2209 799 2277 sedetiam
809 2207 914 2272 exstasse,

160 2294 233 2346 regem
239 2278 344 2344 fusium.-
363 2284 391 2333 dr
402 2287 625 2350 Numam‚2ignarum
638 2282 916 2347 obtemperantem

159 2369 249 2422 regnum
262 2357 317 2408 ultra
327 2360 428 2410 accitum.
462 2363 499 2424 Se,
516 2376 543 2410 ex
552 2376 590 2426 quo
596 2360 633 2426 [ui
641 2360 801 2425 poterufuerit,
817 2360 915 2410 Rom

159 2447 208 2482 rum
218 2432 305 2500 cunjuge
315 2451 339 2482 ae
345 2435 442 2499 fhrtunir
452 2436 546 2484 omnibus
556 2434 720 2502 commigrlffe:
736 2435 840 2498 majorem
852 2446 914 2500 puab

160 2509 283 2568 temeratis
292 2511 346 2574 ejus,
365 2514 406 2578 qud
422 2513 521 2562 civilibus
539 2513 614 2572 officiis
619 2513 742 2578 fungantur
752 2509 853 2572 luminu,
865 2513 913 2560 Ru-

161 2598 199 2634 mu
211 2585 245 2648 se,
259 2585 325 2650 qudm
340 2587 363 2636 iu
374 2596 447 2638 vetere
455 2590 542 2653 putria,
558 2583 643 2654 uixiffe.
672 2586 729 2635 dumi
740 2583 857 2650 militiaque
869 2583 915 2650 sub

160 2649 219 2718 baud
224 2660 345 2722 penitendo
356 2663 464 2730 magistro,
473 2666 518 2729 ipsu
528 2664 590 2715 Anco
597 2678 656 2729 rege,
664 2661 859 2727 Romanasejura,
867 2663 916 2713 tto·

161 2749 235 2782 manos
245 2737 300 2785 ritus
312 2737 409 2806 didicaffe.
444 2739 542 2806 Obsequio
558 2740 585 2789 sa·
595 2737 730 2805 observantid
741 2737 763 2785 iu
772 2752 846 2802 regem
864 2753 916 2786 carte

161 2807 264 2873 omnibus,
284 2811 413 2880 benignitate
423 2831 474 2884 erga
484 2817 537 2866 ulios
552 2832 600 2864 curn
610 2830 660 2880 rege
670 2815 714 2879 ipso
724 2812 818 2878 certelffe.
853 2816 916 2864 Haee

163 2895 220 2932 eum
231 2882 295 2934 haud
307 2887 366 2937 salsa
376 2900 562 2956 memorantem,
579 2889 672 2952 ingenti
684 2885 801 2936 consensu
807 2889 916 2954 populus

161 2957 476 3036 Romanusregnatejullit.
507 2964 916 3093 Ergavinmceteteegtqgium,

338 3063 345 3068 -
556 3051 560 3056 ·
792 3101 797 3109 ,
831 3049 916 3106 ecura,
