1992 3692
164 226 210 275 tet
420 220 458 279 Τ.
494 223 590 275 le
607 224 651 276 tt
880 277 890 284 Ν

161 308 347 371 tans,‘l’rovtts,
364 305 392 359 ὑ
398 308 466 373 fidem
474 308 542 379 plebis
552 310 651 376 imploro.
668 307 829 375 elestedves!
844 310 887 359 ale
905 326 920 359 e

161 384 329 433 commilitones!
345 384 400 461 np'lsil
409 384 448 448 cst,
463 386 518 451 quid
526 385 648 451 exspeslctir
658 386 760 450 tribuas,
777 385 854 453 quibus
865 384 918 451 ipfis

160 460 231 525 vestro
239 462 317 513 auxilio
328 474 379 529 opas
388 462 425 527 est.
446 464 572 513 Concitati
583 464 704 529 homiues,
714 465 794 513 veluti
805 463 838 513 ad
849 479 917 531 proe-

160 535 233 602 lium,
244 538 267 587 se
274 540 424 607 expediunt:
441 542 632 611 apparebatque,
644 557 718 591 omne
726 541 859 590 discrimen
870 540 917 590 ad-

158 612 206 665 esse
212 634 219 677 3
236 616 296 667 nihil
307 617 422 682 cuiquam
432 616 548 680 santium,
559 634 612 668 non
622 619 715 685 publici
723 618 788 683 sore,
800 634 852 667 non
860 616 917 684 pri-

159 694 213 744 vati
221 694 293 756 juris.
316 696 382 747 Huic
391 706 464 745 tanta
475 697 612 764 tempestati
621 712 698 761 quum
708 695 733 746 sc
743 696 858 745 consules
866 695 916 743 ob-

158 767 273 829 tulissent,
289 770 361 821 facile
378 770 475 837 experti
487 768 551 833 sunt,
568 787 656 837 parum
667 781 747 820 tutam
757 769 916 832 majestatem

158 846 208 897 stne
221 847 314 899 viribus
326 848 381 897 else.
411 848 512 897 violatis
521 846 657 911 retornus,
673 846 779 897 fascibus
789 845 884 909 smilis,
901 847 918 895 ὲ

156 923 216 975 soro
228 925 255 973 in
266 926 359 975 curiam
371 925 568 992 compelluntnr;
586 924 682 987 incerti,
699 935 820 990 quatenus
832 924 915 978 Vole-

157 1014 188 1051 ro
200 1014 325 1051 exerceret
337 1003 476 1055 vitiosiam.
514 1000 701 1050 Contieeseente
715 998 803 1050 deinde
818 1000 916 1051 tumul-

153 1088 194 1141 ¹tu,
212 1093 288 1143 quum
300 1079 325 1129 in
336 1078 446 1129 senatum
458 1078 545 1127 vocari
556 1076 680 1141 jullill'ent,
697 1087 834 1142 queruntur
845 1078 916 1141 inju-

158 1157 206 1210 rias
218 1154 278 1219 suas,
296 1157 349 1209 viru
360 1156 444 1223 plebis,
462 1154 595 1205 Voleronis
605 1154 743 1205 audaciam.
776 1152 867 1203 Multis
878 1154 916 1203 fe-

157 1236 251 1286 rociter
261 1233 329 1285 dietis
338 1232 470 1295 sententiis,
482 1232 565 1281 vicere
577 1228 691 1295 seniores,
707 1231 803 1297 quibus,
815 1229 853 1281 ira
865 1234 913 1283 Pa·

158 1322 224 1365 trum
235 1311 351 1363 adversus
361 1310 526 1361 temeritatem
540 1307 618 1374 plebis
628 1309 723 1371 certari,
740 1324 793 1358 non
803 1308 913 1375 placuit,

191 1392 263 1439 Lv1.
287 1390 438 1439 Voleronem
459 1385 576 1455 amplexa
594 1383 682 1435 sarone
698 1385 767 1453 plebs
783 1387 913 1453 proximis

154 1466 265 1517 comitiis
283 1465 409 1515 tribunum
427 1462 493 1529 plebi
505 1470 571 1510 creat
587 1461 613 1511 in
626 1476 684 1510 eum
694 1477 796 1524 annum,
813 1464 859 1528 qui
876 1466 911 1513 L.

151 1530 293 1605 ‚Pinarium
311 1544 338 1590 P.
357 1540 461 1589 Furirun
473 1537 584 1589 consulor
601 1536 698 1587 habuit.
732 1549 868 1604 contraque
881 1556 912 1590 o-

149 1620 253 1675 ‚mnitun
262 1618 414 1685 opinionem,
426 1612 468 1682 qui
480 1630 538 1666 eum
547 1613 666 1663 vexandis
677 1614 765 1681 prioris
776 1616 835 1665 anni
847 1633 911 1688 con-

155 1695 247 1746 sulibus
256 1693 426 1763 permissurum
437 1693 591 1743 tribunatum
603 1690 741 1757 credebant,
758 1694 812 1760 post
823 1693 910 1761 publi-

156 1788 211 1821 cam
223 1772 320 1821 eausam
340 1772 439 1838 privato
456 1769 543 1819 dolore
555 1768 648 1832 habito,
665 1784 696 1819 ne
713 1770 792 1819 verbo
803 1771 910 1835 quidem

156 1850 256 1901 violatis
268 1848 415 1910 consulibus,
432 1847 589 1911 rogationem
605 1847 662 1898 tulit
679 1846 709 1897 ad
728 1848 861 1915 populum,
879 1859 910 1901 ut

155 1926 246 1995 plebeii
253 1926 410 1990 ,magistratus
421 1923 519 1972 tributis
530 1922 637 1974 comitiis
648 1922 742 1997 fierent.
766 1924 841 1977 Haud
850 1944 910 1993 par.

155 2018 189 2052 va
197 2016 235 2051 res
246 2000 290 2049 sub
302 2002 374 2051 trtulo
384 1998 462 2065 prima
472 1998 553 2065 specie
564 1999 664 2059 minime
675 2000 753 2051 atroci
764 1999 894 2054 serebatur
900 2024 910 2069 ς

155 2077 196 2128 sed
207 2092 261 2143 qua
273 2078 381 2143 patriciis
392 2091 492 2127 omnem
507 2076 651 2142 potestatem
662 2091 706 2142 per
719 2075 849 2127 clientium
860 2078 911 2133 suf-

154 2153 233 2217 fragia
247 2148 352 2215 creandi,
370 2168 432 2217 quos
446 2153 546 2216 vellent,
565 2153 676 2205 tribunos
686 2152 802 2205 auferret.
838 2157 908 2208 Huic

147 2230 253 2307 tasiloni,
270 2232 406 2297 gratillimae
426 2232 500 2297 plebi,
516 2246 595 2296 quum
611 2230 707 2282 snmmt
722 2230 750 2279 vi
768 2230 908 2289 refillerent

147 2310 250 2381 'Patresl
268 2324 321 2373 nec,
339 2310 497 2373 quaeunavis
508 2305 770 2371 adresislendumerat,
787 2318 817 2358 ut
827 2309 907 2363 inter.

152 2386 258 2451 cederet,
275 2385 361 2453 aliquis
377 2399 412 2435 ex
430 2385 536 2449 collegio
555 2384 699 2437 auiioritatc
717 2396 761 2435 aut
775 2388 908 2447 consulum

147 2452 196 2537 'naut
207 2464 348 2532 principum
359 2461 448 2513 adduci
460 2462 552 2529 pollen
569 2478 606 2512 res
619 2474 708 2526 tamen,
727 2463 772 2514 suo
783 2464 837 2532 ipsa
848 2483 906 2518 mo-

152 2540 237 2591 limine
246 2539 336 2605 gravis,
349 2538 522 2587 certaminibus
531 2538 657 2589 in-annum
666 2538 815 2589 extrahitur.
834 2540 909 2595 Plebs

152 2616 304 2667 Voleronem
317 2614 443 2665 tribunum
455 2614 543 2665 reficit.
562 2616 653 2675 Patres,
662 2612 692 2665 ad
700 2614 818 2668 ultimum
827 2617 906 2671 dimi-

151 2692 256 2742 cationis
265 2692 310 2741 rati
320 2705 372 2741 rem
382 2700 523 2752 venturam,
531 2694 580 2757 Ap.
590 2692 808 2759 Claudium,Appii
815 2692 907 2761 filiurn,

147 2767 201 2833 jam
213 2769 269 2823 inde
283 2774 297 2818 a
308 2768 414 2833 paternis
430 2768 603 2819 certaminibus
614 2769 722 2819 invisum
739 2768 907 2838 infestumque

148 2845 226 2912 plebi,
236 2841 361 2897 consulem
372 2843 475 2895 faciunt.
491 2844 592 2909 Collega
602 2846 627 2897 ei
636 2848 671 2895 T.
681 2845 814 2908 Quinctius
823 2848 909 2903 dantr.

148 2922 274 2989 Principio
283 2921 362 2971 statim
371 2922 497 2973 anninihil
504 2922 581 2989 prius,
587 2928 660 2987 quam
667 2922 696 2972 de
702 2921 763 2987 lege,
770 2926 904 2987 agebatur.

142 2992 192 3053 'ted
207 3009 236 3053 ut
253 2996 371 3051 intentor
383 2998 444 3067 legis
455 2992 558 3069 Volero,
574 2998 607 3053 fic
617 3002 747 3068 Laetorius,
765 3002 861 3070 collega
879 3019 906 3057 e-

858 3098 904 3153 lili
